<?xml version="1.0" encoding="UTF-8"?>
<!DOCTYPE html PUBLIC "-//W3C//DTD XHTML 1.0 Transitional//EN"
    "http://www.w3.org/TR/xhtml1/DTD/xhtml1-transitional.dtd">
<html xmlns="http://www.w3.org/1999/xhtml" xml:lang="en" lang="en">
 <head>
  <title>
</title>
<meta http-equiv="Content-Type" content="text/html;charset=utf-8" />
  <meta name='ocr-system' content='tesseract 3.04.00' />
  <meta name='ocr-capabilities' content='ocr_page ocr_carea ocr_par ocr_line ocrx_word'/>
</head>
<body>
  <div class='ocr_page' id='page_1' title='image "./pcornelitacitivi00taci_0038.png"; bbox 0 0 2179 3423; ppageno 0'>
   <div class='ocr_carea' id='block_1_1' title="bbox 285 39 1497 120">
    <p class='ocr_par' dir='ltr' id='par_1_1' title="bbox 285 39 1497 120">
     <span class='ocr_line' id='line_1_1' title="bbox 285 39 1497 120; baseline 0.002 -17"><span class='ocrx_word' id='word_1_1' title='bbox 285 39 353 103; x_wconf 75' lang='lat'><strong>26</strong></span> <span class='ocrx_word' id='word_1_2' title='bbox 825 53 932 104; x_wconf 66' lang='lat' dir='ltr'><strong>lee</strong></span> <span class='ocrx_word' id='word_1_3' title='bbox 969 53 1099 119; x_wconf 60' lang='lat' dir='ltr'><em>Life</em></span> <span class='ocrx_word' id='word_1_4' title='bbox 1137 54 1203 119; x_wconf 76' lang='lat' dir='ltr'><strong>of</strong></span> <span class='ocrx_word' id='word_1_5' title='bbox 1229 54 1497 120; x_wconf 73' lang='lat' dir='ltr'><strong>Agricola.</strong></span> 
     </span>
    </p>
   </div>
   <div class='ocr_carea' id='block_1_2' title="bbox 281 203 2031 362">
    <p class='ocr_par' dir='ltr' id='par_1_2' title="bbox 281 203 2031 362">
     <span class='ocr_line' id='line_1_2' title="bbox 283 203 2031 277; baseline 0.004 -23"><span class='ocrx_word' id='word_1_6' title='bbox 283 220 463 271; x_wconf 90' lang='lat' dir='ltr'><strong>neque</strong></span> <span class='ocrx_word' id='word_1_7' title='bbox 496 204 646 256; x_wconf 90' lang='lat' dir='ltr'><strong>inani</strong></span> <span class='ocrx_word' id='word_1_8' title='bbox 685 203 989 271; x_wconf 90' lang='lat' dir='ltr'><strong>jactatione</strong></span> <span class='ocrx_word' id='word_1_9' title='bbox 1028 203 1301 257; x_wconf 81' lang='lat' dir='ltr'>libertatis</span> <span class='ocrx_word' id='word_1_10' title='bbox 1341 203 1544 258; x_wconf 81' lang='lat' dir='ltr'><strong>famam</strong></span> <span class='ocrx_word' id='word_1_11' title='bbox 1583 204 1871 276; x_wconf 82' lang='lat' dir='ltr'><strong>fatumque</strong></span> <span class='ocrx_word' id='word_1_12' title='bbox 1911 226 2031 277; x_wconf 91' lang='lat' dir='ltr'><strong>pro-</strong></span> 
     </span>
     <span class='ocr_line' id='line_1_3' title="bbox 281 290 2029 362; baseline 0.004 -22"><span class='ocrx_word' id='word_1_13' title='bbox 281 292 528 342; x_wconf 86' lang='lat' dir='ltr'><strong>vocabat.</strong></span> <span class='ocrx_word' id='word_1_14' title='bbox 612 290 819 353; x_wconf 81' lang='lat' dir='ltr'><strong>Sciant,</strong></span> <span class='ocrx_word' id='word_1_15' title='bbox 851 291 1049 357; x_wconf 90' lang='lat' dir='ltr'><strong>quibus</strong></span> <span class='ocrx_word' id='word_1_16' title='bbox 1092 292 1257 342; x_wconf 89' lang='lat' dir='ltr'><strong>moris</strong></span> <span class='ocrx_word' id='word_1_17' title='bbox 1296 301 1380 343; x_wconf 87' lang='lat' dir='ltr'><strong>est</strong></span> <span class='ocrx_word' id='word_1_18' title='bbox 1416 293 1606 344; x_wconf 70' lang='lat' dir='ltr'><strong>illicita</strong></span> <span class='ocrx_word' id='word_1_19' title='bbox 1633 295 1832 358; x_wconf 89' lang='lat' dir='ltr'><strong>mirari,</strong></span> <span class='ocrx_word' id='word_1_20' title='bbox 1864 312 2029 362; x_wconf 86' lang='lat' dir='ltr'><strong>posse</strong></span> 
     </span>
    </p>
   </div>
   <div class='ocr_carea' id='block_1_3' title="bbox 227 377 2029 448">
    <p class='ocr_par' dir='ltr' id='par_1_3' title="bbox 227 377 2029 448">
     <span class='ocr_line' id='line_1_4' title="bbox 227 377 2029 448; baseline 0.003 -21"><span class='ocrx_word' id='word_1_21' title='bbox 227 426 231 427; x_wconf 18' lang='lat'><em>⁷</em></span> <span class='ocrx_word' id='word_1_22' title='bbox 283 377 448 428; x_wconf 92' lang='lat' dir='ltr'><strong>etiam</strong></span> <span class='ocrx_word' id='word_1_23' title='bbox 478 377 579 427; x_wconf 89' lang='lat' dir='ltr'><strong>sub</strong></span> <span class='ocrx_word' id='word_1_24' title='bbox 609 377 766 427; x_wconf 92' lang='lat' dir='ltr'><strong>malis</strong></span> <span class='ocrx_word' id='word_1_25' title='bbox 795 377 1137 443; x_wconf 88' lang='lat' dir='ltr'><strong>principibus</strong></span> <span class='ocrx_word' id='word_1_26' title='bbox 1172 395 1401 444; x_wconf 85' lang='lat' dir='ltr'><strong>magnos</strong></span> <span class='ocrx_word' id='word_1_27' title='bbox 1431 379 1577 429; x_wconf 88' lang='lat' dir='ltr'><strong>viros</strong></span> <span class='ocrx_word' id='word_1_28' title='bbox 1607 396 1746 443; x_wconf 91' lang='lat' dir='ltr'><strong>esse,</strong></span> <span class='ocrx_word' id='word_1_29' title='bbox 1777 381 2029 448; x_wconf 87' lang='lat' dir='ltr'><strong>obsequi-</strong></span> 
     </span>
    </p>
   </div>
   <div class='ocr_carea' id='block_1_4' title="bbox 185 996 225 1018">
    <p class='ocr_par' dir='ltr' id='par_1_4' title="bbox 185 996 225 1018">
     <span class='ocr_line' id='line_1_5' title="bbox 185 996 225 1018; baseline 0 0"><span class='ocrx_word' id='word_1_30' title='bbox 185 996 225 1018; x_wconf 81' lang='lat'><strong>10</strong></span> 
     </span>
    </p>
   </div>
   <div class='ocr_carea' id='block_1_5' title="bbox 185 1428 222 1458">
    <p class='ocr_par' dir='ltr' id='par_1_5' title="bbox 185 1428 222 1458">
     <span class='ocr_line' id='line_1_6' title="bbox 185 1428 222 1458; baseline 0 0"><span class='ocrx_word' id='word_1_31' title='bbox 185 1428 222 1458; x_wconf 88' lang='lat'><strong>15</strong></span> 
     </span>
    </p>
   </div>
   <div class='ocr_carea' id='block_1_6' title="bbox 186 1860 229 1882">
    <p class='ocr_par' dir='ltr' id='par_1_6' title="bbox 186 1860 229 1882">
     <span class='ocr_line' id='line_1_7' title="bbox 186 1860 229 1882; baseline 0 0"><span class='ocrx_word' id='word_1_32' title='bbox 186 1860 229 1882; x_wconf 73' lang='lat'><strong>20</strong></span> 
     </span>
    </p>
   </div>
   <div class='ocr_carea' id='block_1_7' title="bbox 186 2292 227 2323">
    <p class='ocr_par' dir='ltr' id='par_1_7' title="bbox 186 2292 227 2323">
     <span class='ocr_line' id='line_1_8' title="bbox 186 2292 227 2323; baseline 0 0"><span class='ocrx_word' id='word_1_33' title='bbox 186 2292 227 2323; x_wconf 85' lang='lat'><strong>25</strong></span> 
     </span>
    </p>
   </div>
   <div class='ocr_carea' id='block_1_8' title="bbox 187 2715 226 2746">
    <p class='ocr_par' dir='ltr' id='par_1_8' title="bbox 187 2715 226 2746">
     <span class='ocr_line' id='line_1_9' title="bbox 187 2715 226 2746; baseline 0 -10"><span class='ocrx_word' id='word_1_34' title='bbox 187 2715 226 2746; x_wconf 78' lang='lat'><strong>30</strong></span> 
     </span>
    </p>
   </div>
   <div class='ocr_carea' id='block_1_9' title="bbox 185 3147 226 3180">
    <p class='ocr_par' dir='ltr' id='par_1_9' title="bbox 185 3147 226 3180">
     <span class='ocr_line' id='line_1_10' title="bbox 185 3147 226 3180; baseline -0.024 0"><span class='ocrx_word' id='word_1_35' title='bbox 185 3147 226 3180; x_wconf 79' lang='lat'><strong>3⁵</strong></span> 
     </span>
    </p>
   </div>
   <div class='ocr_carea' id='block_1_10' title="bbox 280 463 2062 3202">
    <p class='ocr_par' dir='ltr' id='par_1_10' title="bbox 282 463 2029 700">
     <span class='ocr_line' id='line_1_11' title="bbox 283 463 2028 532; baseline 0.003 -19"><span class='ocrx_word' id='word_1_36' title='bbox 283 480 484 529; x_wconf 86' lang='lat' dir='ltr'><strong>umque</strong></span> <span class='ocrx_word' id='word_1_37' title='bbox 525 480 586 514; x_wconf 94' lang='lat' dir='ltr'><strong>ac</strong></span> <span class='ocrx_word' id='word_1_38' title='bbox 629 463 972 525; x_wconf 77' lang='lat' dir='ltr'>modestiam,</span> <span class='ocrx_word' id='word_1_39' title='bbox 1017 463 1062 513; x_wconf 90' lang='lat' dir='ltr'><strong>si</strong></span> <span class='ocrx_word' id='word_1_40' title='bbox 1103 463 1375 514; x_wconf 89' lang='lat' dir='ltr'><strong>industria</strong></span> <span class='ocrx_word' id='word_1_41' title='bbox 1415 481 1476 515; x_wconf 93' lang='lat' dir='ltr'><strong>ac</strong></span> <span class='ocrx_word' id='word_1_42' title='bbox 1517 465 1675 532; x_wconf 85' lang='lat' dir='ltr'><strong>vigor</strong></span> <span class='ocrx_word' id='word_1_43' title='bbox 1720 467 1921 529; x_wconf 80' lang='lat' dir='ltr'>adsint,</span> <span class='ocrx_word' id='word_1_44' title='bbox 1964 483 2028 518; x_wconf 93' lang='lat' dir='ltr'><strong>eo</strong></span> 
     </span>
     <span class='ocr_line' id='line_1_12' title="bbox 282 548 2029 616; baseline 0.002 -17"><span class='ocrx_word' id='word_1_45' title='bbox 282 548 456 599; x_wconf 91' lang='lat' dir='ltr'><strong>laudis</strong></span> <span class='ocrx_word' id='word_1_46' title='bbox 487 550 768 610; x_wconf 79' lang='lat' dir='ltr'><strong>excedere,</strong></span> <span class='ocrx_word' id='word_1_47' title='bbox 794 565 900 614; x_wconf 86' lang='lat' dir='ltr'><strong>quo</strong></span> <span class='ocrx_word' id='word_1_48' title='bbox 930 548 1178 615; x_wconf 81' lang='lat' dir='ltr'><strong>plerique</strong></span> <span class='ocrx_word' id='word_1_49' title='bbox 1207 566 1304 615; x_wconf 94' lang='lat' dir='ltr'><strong>per</strong></span> <span class='ocrx_word' id='word_1_50' title='bbox 1332 550 1579 616; x_wconf 92' lang='lat' dir='ltr'><strong>abrupta,</strong></span> <span class='ocrx_word' id='word_1_51' title='bbox 1606 552 1703 602; x_wconf 91' lang='lat' dir='ltr'><strong>sed</strong></span> <span class='ocrx_word' id='word_1_52' title='bbox 1732 552 1787 602; x_wconf 89' lang='lat' dir='ltr'><strong>in</strong></span> <span class='ocrx_word' id='word_1_53' title='bbox 1816 552 2029 606; x_wconf 90' lang='lat' dir='ltr'><strong>nullum</strong></span> 
     </span>
     <span class='ocr_line' id='line_1_13' title="bbox 282 635 1776 700; baseline 0.003 -15"><span class='ocrx_word' id='word_1_54' title='bbox 282 635 616 700; x_wconf 91' lang='lat' dir='ltr'><strong>reipublicae</strong></span> <span class='ocrx_word' id='word_1_55' title='bbox 646 652 820 696; x_wconf 88' lang='lat' dir='ltr'><strong>usum,</strong></span> <span class='ocrx_word' id='word_1_56' title='bbox 853 635 1146 685; x_wconf 92' lang='lat' dir='ltr'><strong>ambitiosa</strong></span> <span class='ocrx_word' id='word_1_57' title='bbox 1173 643 1351 686; x_wconf 90' lang='lat' dir='ltr'><strong>morte</strong></span> <span class='ocrx_word' id='word_1_58' title='bbox 1381 635 1776 690; x_wconf 77' lang='lat' dir='ltr'><strong>inclaruerunt.</strong></span> 
     </span>
    </p>

    <p class='ocr_par' dir='ltr' id='par_1_11' title="bbox 280 721 2035 2510">
     <span class='ocr_line' id='line_1_14' title="bbox 353 721 2027 787; baseline 0.003 -17"><span class='ocrx_word' id='word_1_59' title='bbox 353 736 511 772; x_wconf 88' lang='lat' dir='ltr'><strong>XLIII.</strong></span> <span class='ocrx_word' id='word_1_60' title='bbox 570 721 726 771; x_wconf 85' lang='lat' dir='ltr'>Finis</span> <span class='ocrx_word' id='word_1_61' title='bbox 755 721 902 772; x_wconf 86' lang='lat' dir='ltr'><strong>vitae</strong></span> <span class='ocrx_word' id='word_1_62' title='bbox 931 721 1052 787; x_wconf 90' lang='lat' dir='ltr'><strong>ejus</strong></span> <span class='ocrx_word' id='word_1_63' title='bbox 1082 721 1241 772; x_wconf 92' lang='lat' dir='ltr'><strong>nobis</strong></span> <span class='ocrx_word' id='word_1_64' title='bbox 1271 721 1573 785; x_wconf 55' lang='lat' dir='ltr'><strong>luctuosu&#39;S,</strong></span> <span class='ocrx_word' id='word_1_65' title='bbox 1605 724 1797 775; x_wconf 91' lang='lat' dir='ltr'><strong>amicis</strong></span> <span class='ocrx_word' id='word_1_66' title='bbox 1830 724 2027 787; x_wconf 81' lang='lat' dir='ltr'><strong>tristiS,</strong></span> 
     </span>
     <span class='ocr_line' id='line_1_15' title="bbox 281 807 2028 877; baseline 0.002 -19"><span class='ocrx_word' id='word_1_67' title='bbox 281 808 557 859; x_wconf 81' lang='lat' dir='ltr'><strong>extraneis</strong></span> <span class='ocrx_word' id='word_1_68' title='bbox 599 808 766 858; x_wconf 91' lang='lat' dir='ltr'><strong>etiam</strong></span> <span class='ocrx_word' id='word_1_69' title='bbox 809 808 1125 874; x_wconf 84' lang='lat' dir='ltr'><strong>ignotisque</strong></span> <span class='ocrx_word' id='word_1_70' title='bbox 1163 824 1273 858; x_wconf 91' lang='lat' dir='ltr'><strong>non</strong></span> <span class='ocrx_word' id='word_1_71' title='bbox 1305 808 1424 859; x_wconf 93' lang='lat' dir='ltr'><strong>sine</strong></span> <span class='ocrx_word' id='word_1_72' title='bbox 1454 826 1583 860; x_wconf 92' lang='lat' dir='ltr'><strong>cura</strong></span> <span class='ocrx_word' id='word_1_73' title='bbox 1610 807 1730 861; x_wconf 81' lang='lat' dir='ltr'><strong>fuit.</strong></span> <span class='ocrx_word' id='word_1_74' title='bbox 1810 810 2028 877; x_wconf 82' lang='lat' dir='ltr'><strong>Vulgus</strong></span> 
     </span>
     <span class='ocr_line' id='line_1_16' title="bbox 281 894 2030 961; baseline 0.002 -17"><span class='ocrx_word' id='word_1_75' title='bbox 281 911 498 960; x_wconf 89' lang='lat' dir='ltr'><strong>quoque</strong></span> <span class='ocrx_word' id='word_1_76' title='bbox 541 902 595 944; x_wconf 95' lang='lat' dir='ltr'><strong>et</strong></span> <span class='ocrx_word' id='word_1_77' title='bbox 640 894 729 944; x_wconf 91' lang='lat' dir='ltr'><strong>hic</strong></span> <span class='ocrx_word' id='word_1_78' title='bbox 773 894 920 944; x_wconf 91' lang='lat' dir='ltr'><strong>aliud</strong></span> <span class='ocrx_word' id='word_1_79' title='bbox 967 911 1138 961; x_wconf 89' lang='lat' dir='ltr'><strong>agens</strong></span> <span class='ocrx_word' id='word_1_80' title='bbox 1185 894 1421 960; x_wconf 90' lang='lat' dir='ltr'><strong>populus</strong></span> <span class='ocrx_word' id='word_1_81' title='bbox 1470 904 1524 946; x_wconf 93' lang='lat' dir='ltr'><strong>et</strong></span> <span class='ocrx_word' id='word_1_82' title='bbox 1568 896 1917 947; x_wconf 83' lang='lat' dir='ltr'><strong>ventitavere</strong></span> <span class='ocrx_word' id='word_1_83' title='bbox 1963 897 2030 947; x_wconf 91' lang='lat' dir='ltr'><strong>ad</strong></span> 
     </span>
     <span class='ocr_line' id='line_1_17' title="bbox 280 978 2033 1049; baseline 0.002 -19"><span class='ocrx_word' id='word_1_84' title='bbox 280 980 505 1030; x_wconf 89' lang='lat' dir='ltr'><strong>domum</strong></span> <span class='ocrx_word' id='word_1_85' title='bbox 549 988 604 1030; x_wconf 92' lang='lat' dir='ltr'><strong>et</strong></span> <span class='ocrx_word' id='word_1_86' title='bbox 652 997 750 1046; x_wconf 92' lang='lat' dir='ltr'><strong>per</strong></span> <span class='ocrx_word' id='word_1_87' title='bbox 790 978 909 1031; x_wconf 80' lang='lat' dir='ltr'><strong>fora</strong></span> <span class='ocrx_word' id='word_1_88' title='bbox 948 988 1002 1031; x_wconf 93' lang='lat' dir='ltr'><strong>et</strong></span> <span class='ocrx_word' id='word_1_89' title='bbox 1046 980 1279 1031; x_wconf 91' lang='lat' dir='ltr'><strong>circulos</strong></span> <span class='ocrx_word' id='word_1_90' title='bbox 1321 980 1493 1031; x_wconf 91' lang='lat' dir='ltr'><strong>locuti</strong></span> <span class='ocrx_word' id='word_1_91' title='bbox 1534 990 1699 1035; x_wconf 89' lang='lat' dir='ltr'><strong>sunt:</strong></span> <span class='ocrx_word' id='word_1_92' title='bbox 1745 999 1848 1033; x_wconf 89' lang='lat' dir='ltr'><strong>nec</strong></span> <span class='ocrx_word' id='word_1_93' title='bbox 1889 983 2033 1049; x_wconf 89' lang='lat' dir='ltr'><strong>quis-</strong></span> 
     </span>
     <span class='ocr_line' id='line_1_18' title="bbox 280 1066 2030 1133; baseline 0.002 -17"><span class='ocrx_word' id='word_1_94' title='bbox 280 1083 443 1132; x_wconf 90' lang='lat' dir='ltr'><strong>quam</strong></span> <span class='ocrx_word' id='word_1_95' title='bbox 466 1066 654 1116; x_wconf 90' lang='lat' dir='ltr'><strong>audita</strong></span> <span class='ocrx_word' id='word_1_96' title='bbox 682 1074 859 1117; x_wconf 91' lang='lat' dir='ltr'><strong>morte</strong></span> <span class='ocrx_word' id='word_1_97' title='bbox 882 1066 1181 1133; x_wconf 78' lang='lat' dir='ltr'><strong>Agricolae</strong></span> <span class='ocrx_word' id='word_1_98' title='bbox 1209 1074 1303 1117; x_wconf 86' lang='lat' dir='ltr'><strong>aut</strong></span> <span class='ocrx_word' id='word_1_99' title='bbox 1333 1066 1571 1118; x_wconf 88' lang='lat' dir='ltr'><strong>laetatus</strong></span> <span class='ocrx_word' id='word_1_100' title='bbox 1601 1076 1686 1118; x_wconf 93' lang='lat' dir='ltr'><strong>est</strong></span> <span class='ocrx_word' id='word_1_101' title='bbox 1716 1077 1809 1119; x_wconf 91' lang='lat' dir='ltr'><strong>aut</strong></span> <span class='ocrx_word' id='word_1_102' title='bbox 1840 1068 2030 1119; x_wconf 88' lang='lat' dir='ltr'><strong>statim</strong></span> 
     </span>
     <span class='ocr_line' id='line_1_19' title="bbox 281 1152 2029 1218; baseline 0.002 -16"><span class='ocrx_word' id='word_1_103' title='bbox 281 1152 499 1204; x_wconf 82' lang='lat' dir='ltr'><strong>oblitus,</strong></span> <span class='ocrx_word' id='word_1_104' title='bbox 567 1152 832 1218; x_wconf 90' lang='lat' dir='ltr'><strong>Augebat</strong></span> <span class='ocrx_word' id='word_1_105' title='bbox 862 1153 1275 1203; x_wconf 77' lang='lat' dir='ltr'><strong>miserationem</strong></span> <span class='ocrx_word' id='word_1_106' title='bbox 1305 1162 1569 1204; x_wconf 76' lang='lat' dir='ltr'><strong>constans</strong></span> <span class='ocrx_word' id='word_1_107' title='bbox 1599 1171 1785 1205; x_wconf 91' lang='lat' dir='ltr'><strong>rumor</strong></span> <span class='ocrx_word' id='word_1_108' title='bbox 1812 1172 2029 1206; x_wconf 86' lang='lat' dir='ltr'><strong>veneno</strong></span> 
     </span>
     <span class='ocr_line' id='line_1_20' title="bbox 282 1238 2027 1305; baseline 0.003 -17"><span class='ocrx_word' id='word_1_109' title='bbox 282 1238 695 1304; x_wconf 90' lang='lat' dir='ltr'><strong>interceptum;</strong></span> <span class='ocrx_word' id='word_1_110' title='bbox 760 1239 919 1289; x_wconf 89' lang='lat' dir='ltr'><strong>nobis</strong></span> <span class='ocrx_word' id='word_1_111' title='bbox 978 1239 1115 1288; x_wconf 88' lang='lat' dir='ltr'><strong>nihil</strong></span> <span class='ocrx_word' id='word_1_112' title='bbox 1175 1240 1445 1305; x_wconf 86' lang='lat' dir='ltr'><strong>comperti</strong></span> <span class='ocrx_word' id='word_1_113' title='bbox 1504 1240 1777 1292; x_wconf 86' lang='lat' dir='ltr'><strong>affirmare</strong></span> <span class='ocrx_word' id='word_1_114' title='bbox 1836 1241 2027 1294; x_wconf 88' lang='lat' dir='ltr'><strong>ausim.</strong></span> 
     </span>
     <span class='ocr_line' id='line_1_21' title="bbox 284 1324 2029 1394; baseline 0.002 -19"><span class='ocrx_word' id='word_1_115' title='bbox 284 1324 545 1375; x_wconf 89' lang='lat' dir='ltr'><strong>Ceterum</strong></span> <span class='ocrx_word' id='word_1_116' title='bbox 587 1341 684 1390; x_wconf 91' lang='lat' dir='ltr'><strong>per</strong></span> <span class='ocrx_word' id='word_1_117' title='bbox 724 1342 945 1375; x_wconf 88' lang='lat' dir='ltr'><strong>omnem</strong></span> <span class='ocrx_word' id='word_1_118' title='bbox 986 1324 1362 1376; x_wconf 86' lang='lat' dir='ltr'><strong>valetudinem</strong></span> <span class='ocrx_word' id='word_1_119' title='bbox 1404 1326 1541 1392; x_wconf 75' lang='lat' dir='ltr'><strong>eJUS,</strong></span> <span class='ocrx_word' id='word_1_120' title='bbox 1578 1327 1824 1378; x_wconf 90' lang='lat' dir='ltr'><strong>crebrius</strong></span> <span class='ocrx_word' id='word_1_121' title='bbox 1866 1345 2029 1394; x_wconf 90' lang='lat' dir='ltr'><strong>quam</strong></span> 
     </span>
     <span class='ocr_line' id='line_1_22' title="bbox 281 1411 2029 1477; baseline 0.003 -17"><span class='ocrx_word' id='word_1_122' title='bbox 281 1427 347 1461; x_wconf 84' lang='lat' dir='ltr'><strong>ex</strong></span> <span class='ocrx_word' id='word_1_123' title='bbox 376 1428 526 1461; x_wconf 91' lang='lat' dir='ltr'><strong>more</strong></span> <span class='ocrx_word' id='word_1_124' title='bbox 556 1411 898 1476; x_wconf 88' lang='lat' dir='ltr'><strong>principatus</strong></span> <span class='ocrx_word' id='word_1_125' title='bbox 936 1428 1035 1477; x_wconf 90' lang='lat' dir='ltr'><strong>per</strong></span> <span class='ocrx_word' id='word_1_126' title='bbox 1070 1412 1297 1462; x_wconf 88' lang='lat' dir='ltr'><strong>nuntios</strong></span> <span class='ocrx_word' id='word_1_127' title='bbox 1327 1412 1575 1475; x_wconf 80' lang='lat' dir='ltr'><strong>visentiS,</strong></span> <span class='ocrx_word' id='word_1_128' title='bbox 1608 1421 1662 1464; x_wconf 93' lang='lat' dir='ltr'><strong>et</strong></span> <span class='ocrx_word' id='word_1_129' title='bbox 1704 1413 2029 1465; x_wconf 90' lang='lat' dir='ltr'><strong>libertorum</strong></span> 
     </span>
     <span class='ocr_line' id='line_1_23' title="bbox 280 1497 2030 1563; baseline 0.003 -17"><span class='ocrx_word' id='word_1_130' title='bbox 280 1497 440 1563; x_wconf 91' lang='lat' dir='ltr'><strong>primi</strong></span> <span class='ocrx_word' id='word_1_131' title='bbox 482 1505 537 1547; x_wconf 93' lang='lat' dir='ltr'><strong>et</strong></span> <span class='ocrx_word' id='word_1_132' title='bbox 579 1497 918 1548; x_wconf 90' lang='lat' dir='ltr'><strong>medicorum</strong></span> <span class='ocrx_word' id='word_1_133' title='bbox 960 1497 1139 1547; x_wconf 91' lang='lat' dir='ltr'><strong>intimi</strong></span> <span class='ocrx_word' id='word_1_134' title='bbox 1168 1515 1405 1561; x_wconf 80' lang='lat' dir='ltr'><strong>venere3</strong></span> <span class='ocrx_word' id='word_1_135' title='bbox 1446 1499 1562 1550; x_wconf 80' lang='lat' dir='ltr'><strong>sive</strong></span> <span class='ocrx_word' id='word_1_136' title='bbox 1591 1517 1721 1550; x_wconf 90' lang='lat' dir='ltr'><strong>cura</strong></span> <span class='ocrx_word' id='word_1_137' title='bbox 1750 1500 1882 1550; x_wconf 90' lang='lat' dir='ltr'><strong>illud</strong></span> <span class='ocrx_word' id='word_1_138' title='bbox 1913 1500 2030 1552; x_wconf 85' lang='lat' dir='ltr'><strong>sive</strong></span> 
     </span>
     <span class='ocr_line' id='line_1_24' title="bbox 281 1582 2034 1652; baseline 0.003 -20"><span class='ocrx_word' id='word_1_139' title='bbox 281 1582 565 1649; x_wconf 86' lang='lat' dir='ltr'><strong>inquisitio</strong></span> <span class='ocrx_word' id='word_1_140' title='bbox 597 1591 726 1634; x_wconf 89' lang='lat' dir='ltr'><strong>erat.</strong></span> <span class='ocrx_word' id='word_1_141' title='bbox 798 1583 1069 1649; x_wconf 83' lang='lat' dir='ltr'><strong>Supremo</strong></span> <span class='ocrx_word' id='word_1_142' title='bbox 1092 1584 1314 1650; x_wconf 86' lang='lat' dir='ltr'><strong>quidem</strong></span> <span class='ocrx_word' id='word_1_143' title='bbox 1343 1585 1432 1636; x_wconf 87' lang='lat' dir='ltr'><strong>die</strong></span> <span class='ocrx_word' id='word_1_144' title='bbox 1462 1594 1745 1637; x_wconf 90' lang='lat' dir='ltr'><strong>momenta</strong></span> <span class='ocrx_word' id='word_1_145' title='bbox 1767 1586 1886 1652; x_wconf 91' lang='lat' dir='ltr'><strong>ipsa</strong></span> <span class='ocrx_word' id='word_1_146' title='bbox 1906 1587 2034 1638; x_wconf 88' lang='lat' dir='ltr'><strong>defi-</strong></span> 
     </span>
     <span class='ocr_line' id='line_1_25' title="bbox 282 1669 2030 1735; baseline 0.003 -16"><span class='ocrx_word' id='word_1_147' title='bbox 282 1669 480 1720; x_wconf 89' lang='lat' dir='ltr'><strong>cientis</strong></span> <span class='ocrx_word' id='word_1_148' title='bbox 511 1686 608 1734; x_wconf 92' lang='lat' dir='ltr'><strong>per</strong></span> <span class='ocrx_word' id='word_1_149' title='bbox 635 1669 934 1734; x_wconf 90' lang='lat' dir='ltr'><strong>dispositos</strong></span> <span class='ocrx_word' id='word_1_150' title='bbox 964 1687 1217 1721; x_wconf 88' lang='lat' dir='ltr'><strong>cursores</strong></span> <span class='ocrx_word' id='word_1_151' title='bbox 1246 1672 1502 1722; x_wconf 89' lang='lat' dir='ltr'><strong>nuntiata</strong></span> <span class='ocrx_word' id='word_1_152' title='bbox 1539 1673 1847 1735; x_wconf 89' lang='lat' dir='ltr'><strong>constabat,</strong></span> <span class='ocrx_word' id='word_1_153' title='bbox 1879 1674 2030 1724; x_wconf 93' lang='lat' dir='ltr'><strong>nullo</strong></span> 
     </span>
     <span class='ocr_line' id='line_1_26' title="bbox 285 1755 2031 1825; baseline 0.003 -20"><span class='ocrx_word' id='word_1_154' title='bbox 285 1755 561 1805; x_wconf 88' lang='lat' dir='ltr'><strong>credente</strong></span> <span class='ocrx_word' id='word_1_155' title='bbox 590 1755 666 1806; x_wconf 93' lang='lat' dir='ltr'><strong>sic</strong></span> <span class='ocrx_word' id='word_1_156' title='bbox 708 1755 1003 1806; x_wconf 91' lang='lat' dir='ltr'><strong>accelerari</strong></span> <span class='ocrx_word' id='word_1_157' title='bbox 1046 1773 1186 1822; x_wconf 86' lang='lat' dir='ltr'><strong>quae</strong></span> <span class='ocrx_word' id='word_1_158' title='bbox 1226 1757 1403 1808; x_wconf 88' lang='lat' dir='ltr'><strong>tristis</strong></span> <span class='ocrx_word' id='word_1_159' title='bbox 1447 1758 1676 1811; x_wconf 89' lang='lat' dir='ltr'><strong>audiret.</strong></span> <span class='ocrx_word' id='word_1_160' title='bbox 1774 1759 2031 1825; x_wconf 84' lang='lat' dir='ltr'><strong>Speciem</strong></span> 
     </span>
     <span class='ocr_line' id='line_1_27' title="bbox 285 1841 2032 1912; baseline 0.003 -21"><span class='ocrx_word' id='word_1_161' title='bbox 285 1849 471 1892; x_wconf 90' lang='lat' dir='ltr'><strong>tamen</strong></span> <span class='ocrx_word' id='word_1_162' title='bbox 501 1841 705 1892; x_wconf 89' lang='lat' dir='ltr'><strong>doloris</strong></span> <span class='ocrx_word' id='word_1_163' title='bbox 734 1842 916 1892; x_wconf 89' lang='lat' dir='ltr'><strong>animo</strong></span> <span class='ocrx_word' id='word_1_164' title='bbox 944 1842 1212 1909; x_wconf 87' lang='lat' dir='ltr'><strong>vultuque</strong></span> <span class='ocrx_word' id='word_1_165' title='bbox 1241 1861 1370 1909; x_wconf 89' lang='lat' dir='ltr'><strong>prae</strong></span> <span class='ocrx_word' id='word_1_166' title='bbox 1400 1861 1459 1895; x_wconf 91' lang='lat' dir='ltr'><strong>se</strong></span> <span class='ocrx_word' id='word_1_167' title='bbox 1488 1845 1631 1907; x_wconf 93' lang='lat' dir='ltr'><strong>tulit,</strong></span> <span class='ocrx_word' id='word_1_168' title='bbox 1665 1862 1892 1897; x_wconf 90' lang='lat' dir='ltr'><strong>securus</strong></span> <span class='ocrx_word' id='word_1_169' title='bbox 1919 1846 2032 1912; x_wconf 88' lang='lat' dir='ltr'><strong>jam</strong></span> 
     </span>
     <span class='ocr_line' id='line_1_28' title="bbox 285 1925 2029 1998; baseline 0.003 -20"><span class='ocrx_word' id='word_1_170' title='bbox 285 1927 409 1989; x_wconf 91' lang='lat' dir='ltr'><strong>odii,</strong></span> <span class='ocrx_word' id='word_1_171' title='bbox 442 1935 496 1978; x_wconf 92' lang='lat' dir='ltr'><strong>et</strong></span> <span class='ocrx_word' id='word_1_172' title='bbox 526 1927 618 1993; x_wconf 90' lang='lat' dir='ltr'><strong>qui</strong></span> <span class='ocrx_word' id='word_1_173' title='bbox 645 1925 860 1978; x_wconf 80' lang='lat' dir='ltr'><strong>facilius</strong></span> <span class='ocrx_word' id='word_1_174' title='bbox 895 1928 1266 1980; x_wconf 87' lang='lat' dir='ltr'><strong>dissimularet</strong></span> <span class='ocrx_word' id='word_1_175' title='bbox 1301 1931 1562 1996; x_wconf 90' lang='lat' dir='ltr'><strong>gaudium</strong></span> <span class='ocrx_word' id='word_1_176' title='bbox 1602 1949 1766 1998; x_wconf 89' lang='lat' dir='ltr'><strong>quam</strong></span> <span class='ocrx_word' id='word_1_177' title='bbox 1804 1941 2029 1985; x_wconf 90' lang='lat' dir='ltr'><strong>metum.</strong></span> 
     </span>
     <span class='ocr_line' id='line_1_29' title="bbox 288 2013 2035 2085; baseline 0.004 -22"><span class='ocrx_word' id='word_1_178' title='bbox 288 2013 436 2064; x_wconf 84' lang='lat' dir='ltr'><strong>Satis</strong></span> <span class='ocrx_word' id='word_1_179' title='bbox 477 2015 783 2076; x_wconf 89' lang='lat' dir='ltr'><strong>constabat,</strong></span> <span class='ocrx_word' id='word_1_180' title='bbox 815 2014 960 2065; x_wconf 91' lang='lat' dir='ltr'><strong>lecto</strong></span> <span class='ocrx_word' id='word_1_181' title='bbox 1002 2023 1341 2067; x_wconf 90' lang='lat' dir='ltr'><strong>testamento</strong></span> <span class='ocrx_word' id='word_1_182' title='bbox 1379 2017 1695 2084; x_wconf 80' lang='lat' dir='ltr'><strong>Agricolae,</strong></span> <span class='ocrx_word' id='word_1_183' title='bbox 1728 2036 1835 2085; x_wconf 91' lang='lat' dir='ltr'><strong>quo</strong></span> <span class='ocrx_word' id='word_1_184' title='bbox 1877 2019 2035 2070; x_wconf 92' lang='lat' dir='ltr'><strong>cohe-</strong></span> 
     </span>
     <span class='ocr_line' id='line_1_30' title="bbox 285 2100 2032 2167; baseline 0.004 -18"><span class='ocrx_word' id='word_1_185' title='bbox 285 2101 472 2150; x_wconf 91' lang='lat' dir='ltr'><strong>redem</strong></span> <span class='ocrx_word' id='word_1_186' title='bbox 525 2100 766 2166; x_wconf 90' lang='lat' dir='ltr'><strong>optimae</strong></span> <span class='ocrx_word' id='word_1_187' title='bbox 819 2101 973 2150; x_wconf 83' lang='lat' dir='ltr'><strong>uxori</strong></span> <span class='ocrx_word' id='word_1_188' title='bbox 1013 2109 1068 2152; x_wconf 93' lang='lat' dir='ltr'><strong>et</strong></span> <span class='ocrx_word' id='word_1_189' title='bbox 1115 2102 1395 2167; x_wconf 89' lang='lat' dir='ltr'><strong>piissimae</strong></span> <span class='ocrx_word' id='word_1_190' title='bbox 1448 2104 1592 2155; x_wconf 88' lang='lat' dir='ltr'><strong>filiae</strong></span> <span class='ocrx_word' id='word_1_191' title='bbox 1646 2105 2032 2156; x_wconf 90' lang='lat' dir='ltr'><strong>Domitianum</strong></span> 
     </span>
     <span class='ocr_line' id='line_1_31' title="bbox 287 2186 2032 2257; baseline 0.004 -22"><span class='ocrx_word' id='word_1_192' title='bbox 287 2186 522 2251; x_wconf 89' lang='lat' dir='ltr'><strong>scripsit,</strong></span> <span class='ocrx_word' id='word_1_193' title='bbox 572 2186 838 2236; x_wconf 90' lang='lat' dir='ltr'><strong>laetatum</strong></span> <span class='ocrx_word' id='word_1_194' title='bbox 886 2204 1010 2238; x_wconf 91' lang='lat' dir='ltr'><strong>eum</strong></span> <span class='ocrx_word' id='word_1_195' title='bbox 1056 2188 1208 2238; x_wconf 86' lang='lat' dir='ltr'><strong>velut</strong></span> <span class='ocrx_word' id='word_1_196' title='bbox 1257 2189 1466 2240; x_wconf 92' lang='lat' dir='ltr'><strong>honore</strong></span> <span class='ocrx_word' id='word_1_197' title='bbox 1511 2190 1863 2257; x_wconf 82' lang='lat' dir='ltr'><strong>judicioque3</strong></span> <span class='ocrx_word' id='word_1_198' title='bbox 1917 2200 2032 2242; x_wconf 91' lang='lat' dir='ltr'><strong>tam</strong></span> 
     </span>
     <span class='ocr_line' id='line_1_32' title="bbox 286 2275 2032 2340; baseline 0.005 -19"><span class='ocrx_word' id='word_1_199' title='bbox 286 2289 449 2323; x_wconf 94' lang='lat' dir='ltr'><strong>caeca</strong></span> <span class='ocrx_word' id='word_1_200' title='bbox 489 2280 543 2322; x_wconf 96' lang='lat' dir='ltr'><strong>et</strong></span> <span class='ocrx_word' id='word_1_201' title='bbox 585 2281 843 2338; x_wconf 89' lang='lat' dir='ltr'><strong>corrupta</strong></span> <span class='ocrx_word' id='word_1_202' title='bbox 884 2291 1041 2325; x_wconf 91' lang='lat' dir='ltr'><strong>mens</strong></span> <span class='ocrx_word' id='word_1_203' title='bbox 1083 2275 1319 2326; x_wconf 90' lang='lat' dir='ltr'><strong>assiduis</strong></span> <span class='ocrx_word' id='word_1_204' title='bbox 1361 2276 1771 2328; x_wconf 89' lang='lat' dir='ltr'><strong>adulationibus</strong></span> <span class='ocrx_word' id='word_1_205' title='bbox 1806 2286 1940 2340; x_wconf 88' lang='lat' dir='ltr'><strong>erat,</strong></span> <span class='ocrx_word' id='word_1_206' title='bbox 1972 2285 2032 2329; x_wconf 95' lang='lat' dir='ltr'><strong>ut</strong></span> 
     </span>
     <span class='ocr_line' id='line_1_33' title="bbox 285 2358 2032 2425; baseline 0.003 -17"><span class='ocrx_word' id='word_1_207' title='bbox 285 2358 525 2409; x_wconf 88' lang='lat' dir='ltr'><strong>nesciret</strong></span> <span class='ocrx_word' id='word_1_208' title='bbox 569 2375 600 2409; x_wconf 90' lang='lat' dir='ltr'><strong>a</strong></span> <span class='ocrx_word' id='word_1_209' title='bbox 637 2359 783 2410; x_wconf 92' lang='lat' dir='ltr'><strong>bono</strong></span> <span class='ocrx_word' id='word_1_210' title='bbox 823 2368 980 2425; x_wconf 86' lang='lat' dir='ltr'><strong>patre</strong></span> <span class='ocrx_word' id='word_1_211' title='bbox 1020 2378 1131 2412; x_wconf 89' lang='lat' dir='ltr'><strong>non</strong></span> <span class='ocrx_word' id='word_1_212' title='bbox 1173 2362 1340 2413; x_wconf 91' lang='lat' dir='ltr'><strong>scribi</strong></span> <span class='ocrx_word' id='word_1_213' title='bbox 1381 2363 1642 2413; x_wconf 92' lang='lat' dir='ltr'><strong>heredem</strong></span> <span class='ocrx_word' id='word_1_214' title='bbox 1680 2363 1787 2414; x_wconf 90' lang='lat' dir='ltr'><strong>nisi</strong></span> <span class='ocrx_word' id='word_1_215' title='bbox 1828 2363 2032 2415; x_wconf 91' lang='lat' dir='ltr'><strong>malum</strong></span> 
     </span>
     <span class='ocr_line' id='line_1_34' title="bbox 285 2444 604 2510; baseline 0.009 -17"><span class='ocrx_word' id='word_1_216' title='bbox 285 2444 604 2510; x_wconf 86' lang='lat' dir='ltr'><strong>principem.</strong></span> 
     </span>
    </p>

    <p class='ocr_par' dir='ltr' id='par_1_12' title="bbox 284 2532 2062 3202">
     <span class='ocr_line' id='line_1_35' title="bbox 357 2532 2031 2600; baseline 0.004 -20"><span class='ocrx_word' id='word_1_217' title='bbox 357 2546 509 2582; x_wconf 87' lang='lat' dir='ltr'><strong>XLIV.</strong></span> <span class='ocrx_word' id='word_1_218' title='bbox 580 2532 760 2582; x_wconf 88' lang='lat' dir='ltr'><strong>Natus</strong></span> <span class='ocrx_word' id='word_1_219' title='bbox 821 2541 936 2583; x_wconf 91' lang='lat' dir='ltr'><strong>erat</strong></span> <span class='ocrx_word' id='word_1_220' title='bbox 991 2532 1257 2600; x_wconf 87' lang='lat' dir='ltr'><strong>Agricola</strong></span> <span class='ocrx_word' id='word_1_221' title='bbox 1311 2534 1449 2585; x_wconf 89' lang='lat' dir='ltr'><strong>Gaio</strong></span> <span class='ocrx_word' id='word_1_222' title='bbox 1506 2534 1744 2586; x_wconf 88' lang='lat' dir='ltr'><strong>Caesare</strong></span> <span class='ocrx_word' id='word_1_223' title='bbox 1802 2535 2031 2587; x_wconf 87' lang='lat' dir='ltr'><strong>tertium</strong></span> 
     </span>
     <span class='ocr_line' id='line_1_36' title="bbox 285 2617 2032 2688; baseline 0.003 -22"><span class='ocrx_word' id='word_1_224' title='bbox 285 2617 512 2667; x_wconf 89' lang='lat' dir='ltr'><strong>consule</strong></span> <span class='ocrx_word' id='word_1_225' title='bbox 563 2618 752 2668; x_wconf 85' lang='lat' dir='ltr'><strong>Idibus</strong></span> <span class='ocrx_word' id='word_1_226' title='bbox 799 2619 996 2684; x_wconf 80' lang='lat' dir='ltr'><strong>JuniiS,</strong></span> <span class='ocrx_word' id='word_1_227' title='bbox 1041 2620 1278 2671; x_wconf 83' lang='lat' dir='ltr'><strong>excessit</strong></span> <span class='ocrx_word' id='word_1_228' title='bbox 1321 2629 1515 2686; x_wconf 89' lang='lat' dir='ltr'><strong>quarto</strong></span> <span class='ocrx_word' id='word_1_229' title='bbox 1563 2629 1618 2672; x_wconf 94' lang='lat' dir='ltr'><strong>et</strong></span> <span class='ocrx_word' id='word_1_230' title='bbox 1666 2621 2032 2688; x_wconf 88' lang='lat' dir='ltr'><strong>quinquages-</strong></span> 
     </span>
     <span class='ocr_line' id='line_1_37' title="bbox 285 2702 2062 2774; baseline 0.003 -22"><span class='ocrx_word' id='word_1_231' title='bbox 285 2702 394 2752; x_wconf 93' lang='lat' dir='ltr'><strong>imo</strong></span> <span class='ocrx_word' id='word_1_232' title='bbox 435 2721 595 2766; x_wconf 90' lang='lat' dir='ltr'><strong>anno,</strong></span> <span class='ocrx_word' id='word_1_233' title='bbox 632 2705 846 2755; x_wconf 92' lang='lat' dir='ltr'><strong>decimo</strong></span> <span class='ocrx_word' id='word_1_234' title='bbox 890 2705 1173 2756; x_wconf 88' lang='lat' dir='ltr'><strong>Kalendas</strong></span> <span class='ocrx_word' id='word_1_235' title='bbox 1218 2706 1580 2772; x_wconf 81' lang='lat' dir='ltr'><strong>Septembris,</strong></span> <span class='ocrx_word' id='word_1_236' title='bbox 1625 2707 1854 2774; x_wconf 89' lang='lat' dir='ltr'><strong>Collega</strong></span> <span class='ocrx_word' id='word_1_237' title='bbox 1895 2707 2062 2758; x_wconf 67' lang='lat' dir='ltr'><strong>Pris-&#39;</strong></span> 
     </span>
     <span class='ocr_line' id='line_1_38' title="bbox 285 2791 2031 2859; baseline 0.003 -21"><span class='ocrx_word' id='word_1_238' title='bbox 285 2805 458 2855; x_wconf 87' lang='lat' dir='ltr'><strong>coque</strong></span> <span class='ocrx_word' id='word_1_239' title='bbox 488 2791 821 2842; x_wconf 83' lang='lat' dir='ltr'><strong>consulibus,</strong></span> <span class='ocrx_word' id='word_1_240' title='bbox 884 2791 1047 2858; x_wconf 73' lang='lat' dir='ltr'><strong>Quod</strong></span> <span class='ocrx_word' id='word_1_241' title='bbox 1077 2792 1122 2842; x_wconf 92' lang='lat' dir='ltr'><strong>si</strong></span> <span class='ocrx_word' id='word_1_242' title='bbox 1150 2793 1395 2843; x_wconf 86' lang='lat' dir='ltr'><strong>habitum</strong></span> <span class='ocrx_word' id='word_1_243' title='bbox 1428 2810 1644 2859; x_wconf 85' lang='lat' dir='ltr'><strong>quoque</strong></span> <span class='ocrx_word' id='word_1_244' title='bbox 1673 2793 1793 2859; x_wconf 85' lang='lat' dir='ltr'><strong>ejus</strong></span> <span class='ocrx_word' id='word_1_245' title='bbox 1822 2793 2031 2859; x_wconf 92' lang='lat' dir='ltr'><strong>posteri</strong></span> 
     </span>
     <span class='ocr_line' id='line_1_39' title="bbox 284 2877 2030 2944; baseline 0.003 -20"><span class='ocrx_word' id='word_1_246' title='bbox 284 2892 514 2926; x_wconf 89' lang='lat' dir='ltr'><strong>noscere</strong></span> <span class='ocrx_word' id='word_1_247' title='bbox 567 2877 756 2937; x_wconf 84' lang='lat' dir='ltr'><strong>velint,</strong></span> <span class='ocrx_word' id='word_1_248' title='bbox 806 2878 1092 2928; x_wconf 87' lang='lat' dir='ltr'><strong>decentior</strong></span> <span class='ocrx_word' id='word_1_249' title='bbox 1145 2896 1304 2944; x_wconf 88' lang='lat' dir='ltr'><strong>quam</strong></span> <span class='ocrx_word' id='word_1_250' title='bbox 1361 2879 1647 2929; x_wconf 88' lang='lat' dir='ltr'><strong>sublimior</strong></span> <span class='ocrx_word' id='word_1_251' title='bbox 1691 2877 1833 2941; x_wconf 70' lang='lat' dir='ltr'><strong>fuit3</strong></span> <span class='ocrx_word' id='word_1_252' title='bbox 1892 2879 2030 2929; x_wconf 90' lang='lat' dir='ltr'><strong>nihil</strong></span> 
     </span>
     <span class='ocr_line' id='line_1_40' title="bbox 285 2962 2033 3030; baseline 0.002 -20"><span class='ocrx_word' id='word_1_253' title='bbox 285 2969 465 3011; x_wconf 89' lang='lat' dir='ltr'><strong>metus</strong></span> <span class='ocrx_word' id='word_1_254' title='bbox 508 2970 562 3012; x_wconf 90' lang='lat' dir='ltr'><strong>et</strong></span> <span class='ocrx_word' id='word_1_255' title='bbox 606 2962 846 3027; x_wconf 90' lang='lat' dir='ltr'><strong>impetus</strong></span> <span class='ocrx_word' id='word_1_256' title='bbox 889 2963 943 3012; x_wconf 87' lang='lat' dir='ltr'><strong>in</strong></span> <span class='ocrx_word' id='word_1_257' title='bbox 972 2963 1143 3024; x_wconf 85' lang='lat' dir='ltr'><strong>vultu,</strong></span> <span class='ocrx_word' id='word_1_258' title='bbox 1179 2964 1357 3029; x_wconf 86' lang='lat' dir='ltr'><strong>gratia</strong></span> <span class='ocrx_word' id='word_1_259' title='bbox 1397 2964 1506 3014; x_wconf 88' lang='lat' dir='ltr'><strong>oris</strong></span> <span class='ocrx_word' id='word_1_260' title='bbox 1549 2972 1849 3030; x_wconf 83' lang='lat' dir='ltr'><strong>supererat.</strong></span> <span class='ocrx_word' id='word_1_261' title='bbox 1932 2964 2033 3014; x_wconf 90' lang='lat' dir='ltr'><strong>Bo-</strong></span> 
     </span>
     <span class='ocr_line' id='line_1_41' title="bbox 284 3045 2031 3115; baseline 0.003 -20"><span class='ocrx_word' id='word_1_262' title='bbox 284 3062 415 3096; x_wconf 89' lang='lat' dir='ltr'><strong>num</strong></span> <span class='ocrx_word' id='word_1_263' title='bbox 446 3047 623 3096; x_wconf 88' lang='lat' dir='ltr'><strong>virum</strong></span> <span class='ocrx_word' id='word_1_264' title='bbox 665 3045 826 3098; x_wconf 79' lang='lat' dir='ltr'><strong>facile</strong></span> <span class='ocrx_word' id='word_1_265' title='bbox 868 3049 1140 3111; x_wconf 81' lang='lat' dir='ltr'><strong>credereS,</strong></span> <span class='ocrx_word' id='word_1_266' title='bbox 1172 3066 1432 3115; x_wconf 91' lang='lat' dir='ltr'><strong>magnum</strong></span> <span class='ocrx_word' id='word_1_267' title='bbox 1475 3050 1726 3101; x_wconf 76' lang='lat' dir='ltr'><strong>libenter.</strong></span> <span class='ocrx_word' id='word_1_268' title='bbox 1808 3050 1882 3100; x_wconf 90' lang='lat' dir='ltr'><strong>Et</strong></span> <span class='ocrx_word' id='word_1_269' title='bbox 1913 3049 2031 3115; x_wconf 91' lang='lat' dir='ltr'><strong>ipse</strong></span> 
     </span>
     <span class='ocr_line' id='line_1_42' title="bbox 285 3130 2031 3202; baseline 0.002 -21"><span class='ocrx_word' id='word_1_270' title='bbox 285 3130 522 3197; x_wconf 89' lang='lat' dir='ltr'><strong>quidem,</strong></span> <span class='ocrx_word' id='word_1_271' title='bbox 571 3149 903 3199; x_wconf 90' lang='lat' dir='ltr'><strong>quamquam</strong></span> <span class='ocrx_word' id='word_1_272' title='bbox 951 3133 1131 3186; x_wconf 90' lang='lat' dir='ltr'><strong>medio</strong></span> <span class='ocrx_word' id='word_1_273' title='bbox 1183 3133 1240 3184; x_wconf 90' lang='lat' dir='ltr'><strong>in</strong></span> <span class='ocrx_word' id='word_1_274' title='bbox 1293 3134 1472 3200; x_wconf 91' lang='lat' dir='ltr'><strong>spatio</strong></span> <span class='ocrx_word' id='word_1_275' title='bbox 1528 3134 1780 3202; x_wconf 83' lang='lat' dir='ltr'><strong>integrae</strong></span> <span class='ocrx_word' id='word_1_276' title='bbox 1830 3134 2031 3187; x_wconf 82' lang='lat' dir='ltr'><strong>aetatis</strong></span> 
     </span>
    </p>
   </div>
  </div>
 </body>
</html>
