2179 3423
172 1036 212 1056 10

172 1467 210 1495 15

170 1899 211 1920 20

169 2329 207 2358 ²5

167 2758 209 2789 30

168 3183 207 3211 35

270 99 341 149 24
494 129 496 131 .
807 80 917 132 Tlce
953 80 1084 147 Lffe
1121 80 1187 147 of
1212 78 1482 147 Agricola.

268 245 570 303 utcumque
597 234 813 286 facilius
855 232 1204 295 dissimulari,
1236 232 1391 282 ducis
1432 231 1563 283 boni
1605 232 2015 299 imperatoriam

267 323 531 373 virtutem
562 338 700 372 esse.
777 320 1006 370 Talibus
1037 319 1180 370 curis
1211 318 1503 380 exercituS‚
1535 320 1790 385 quodque
1820 337 2018 371 saevae

268 408 623 475 cogitationis
671 406 934 456 indicium
983 412 1115 466 erat,
1166 412 1381 454 secreto
1429 421 1528 454 suo
1583 405 1832 468 satiatus,
1881 405 2018 472 opti-

268 512 417 544 mum
446 494 501 543 in
531 492 847 559 praesentia
875 490 1071 541 statuit
1101 506 1370 555 reponere
1399 490 1600 552 odium,
1632 491 1809 542 donec
1851 491 2019 557 impe-

267 588 304 630 t·
299 598 357 630 is
394 578 572 630 famae
610 586 664 629 et
702 576 857 627 favor
894 576 1169 627 exercitus
1207 576 1628 641 languesceret;
1668 593 1794 626 nam
1830 577 2018 628 etiam-

268 675 385 716 tum
415 665 681 732 Agricola
711 663 1056 713 Britanniam
1087 662 1390 714 obtinebat.

339 768 428 804 XL.
487 751 665 818 Igitur
693 748 1050 815 tiiumphalia
1078 756 1406 798 ornamenta
1434 756 1488 799 et
1527 722 1757 799 illustris
1800 757 2018 801 statuae

268 839 532 888 honorem
561 845 615 888 et
650 836 911 903 quicquid
944 852 1042 900 pro
1083 834 1364 900 triumpho
1406 835 1583 897 datur,
1615 836 1788 886 multo
1830 836 2018 886 verbo-

268 942 387 974 rum
425 924 634 974 honore
669 922 962 982 cumulata,
993 920 1217 971 decerni
1251 921 1307 970 in
1342 929 1539 971 senatu
1571 921 1744 988 jubet,
1781 922 2018 988 addique

269 1011 494 1076 insuper
539 1009 872 1075 opinionem,
918 1007 1134 1075 Syriam
1176 1006 1516 1072 provinciam
1558 1007 1859 1074 Agricolae
1899 1009 2019 1059 des-

268 1096 449 1157 tinari,
502 1112 732 1146 vacuam
786 1103 904 1143 tum
958 1101 1138 1143 morte
1191 1092 1356 1142 Atilii
1412 1094 1539 1143 Rufi
1602 1094 1906 1144 consularis
1961 1102 2016 1145 et

269 1182 569 1248 majoribus
610 1188 963 1231 reservatam.
1046 1178 1346 1229 Credidere
1375 1179 1623 1245 plerique
1661 1180 1919 1230 libertum
1951 1197 2018 1231 ex

270 1267 660 1318 secretioribus
701 1265 1030 1316 ministeriis
1072 1264 1303 1314 missum
1338 1265 1405 1314 ad
1435 1264 1758 1331 Agricolam
1801 1266 2019 1317 codicil-

269 1354 366 1415 los,
397 1354 596 1420 quibus
637 1352 686 1403 ei
730 1352 890 1420 Syria
930 1352 1178 1412 dabatur,
1210 1351 1407 1401 tulisse
1442 1368 1565 1402 cum
1606 1360 1902 1417 praecepto
1937 1360 2014 1415 ut,

270 1440 315 1491 si
356 1440 410 1490 in
454 1439 741 1489 Britannia
780 1436 940 1500 foret,
971 1439 1326 1488 traderentur
1348 1455 1358 1500 ;
1400 1454 1636 1505 eumque
1666 1439 1924 1489 libertum
1959 1439 2016 1489 in

269 1527 387 1592 ipso
428 1524 571 1576 freto
615 1525 826 1576 Oceani
855 1524 1077 1574 obvium
1119 1523 1434 1590 Agricolae,
1478 1542 1549 1575 ne
1589 1525 1876 1590 appellato¹
1906 1526 2019 1592 qui-

268 1614 393 1663 dem
437 1629 517 1674 e0,
556 1612 623 1662 ad
672 1611 1057 1661 Domitianum
1100 1627 1412 1663 remeasse:
1460 1611 1576 1661 sive
1615 1628 1806 1661 verum
1849 1611 2014 1675 istud,

269 1699 384 1749 sive
432 1716 497 1749 ex
544 1697 768 1764 ingenio
815 1696 1080 1763 principis
1127 1697 1318 1747 fictum
1373 1713 1435 1747 ac
1489 1697 1857 1762 compositum
1912 1706 2014 1751 est.

267 1785 594 1835 Tradiderat
625 1783 847 1834 interim
877 1782 1145 1849 Agricola
1182 1783 1491 1833 successori
1534 1800 1632 1833 suo
1674 1785 2015 1849 provinciam

267 1871 510 1937 quietam
539 1878 843 1936 tutamque.
923 1868 1013 1920 Ac
1053 1886 1123 1920 ne
1164 1869 1424 1920 notabilis
1455 1870 1779 1922 celebritate
1820 1880 1875 1922 et
1915 1870 2019 1923 fre-

267 1957 495 2023 quentia
534 1955 945 2007 occurrentium
988 1956 1249 2006 introitus
1292 1964 1457 2018 esset,
1497 1956 1671 2007 vitato
1713 1958 2015 2009 amicorum

267 2043 462 2105 officiO,
494 2051 663 2093 noctu
701 2043 756 2092 in
786 2043 995 2103 urbem,
1027 2050 1197 2092 noctu
1239 2042 1293 2091 in
1336 2042 1616 2107 palatium,
1649 2043 1726 2094 ita
1766 2053 1825 2094 ut
1867 2062 2018 2110 prae-

267 2138 489 2195 ceptum
528 2137 660 2190 erat,
690 2128 879 2190 venit;
921 2136 1298 2194 exceptusque
1339 2128 1493 2179 brevi
1535 2129 1723 2180 osculo
1765 2138 1820 2181 et
1863 2131 2012 2181 nullo

267 2232 521 2265 sermone
550 2215 745 2264 turbae
775 2214 1137 2264 servientium
1168 2214 1445 2264 immistus
1476 2223 1575 2266 est.
1643 2216 1922 2277 Ceterum,
1954 2224 2015 2267 ut

266 2301 503 2351 militare
532 2317 751 2361 nomen,
783 2317 950 2366 grave
979 2300 1126 2350 inter
1154 2300 1378 2361 otiosos,
1403 2301 1524 2350 aliis
1552 2301 1852 2352 virtutibus
1881 2310 2017 2352 tem-

266 2395 499 2452 peraret,
525 2386 987 2452 tranquillitatem
1018 2394 1185 2452 atque
1214 2386 1387 2436 otium
1418 2387 1640 2452 penitus
1669 2388 1836 2450 auxit,
1861 2388 2015 2439 cultu

266 2473 514 2523 modicus
550 2489 804 2522 sermone
833 2470 1027 2534 facilis,
1059 2489 1167 2522 uno
1197 2480 1289 2522 aut
1320 2472 1493 2523 altero
1522 2473 1822 2524 amicorum
1853 2474 2016 2525 comi-

265 2566 431 2619 tatUS‚
467 2558 603 2608 adeo
638 2565 696 2606 ut
735 2557 983 2623 plerique
1025 2557 1224 2623 quibus
1265 2574 1495 2623 magnos
1524 2557 1670 2608 viros
1711 2575 1810 2624 per
1848 2558 2016 2609 ambi-

264 2643 476 2693 tionem
523 2643 817 2694 aestimare
864 2660 983 2693 mos
1032 2651 1133 2704 est,
1182 2643 1301 2693 viso
1349 2651 1685 2710 aspectoque
1728 2644 2010 2711 Agricola,

265 2737 594 2796 quaererent
634 2727 853 2791 famam,
896 2729 1056 2795 pauci
1098 2728 1611 2794 interpretarentur.
2059 2714 2061 2717 Ι

336 2831 449 2866 XLI.
509 2814 718 2866 Crebro
760 2832 857 2881 per
898 2832 992 2865 eos
1033 2814 1151 2865 dies
1199 2815 1341 2880 apud
1385 2815 1767 2866 Domitianum
1809 2817 2010 2867 absens

265 2910 572 2963 accusatUS,
622 2902 823 2952 absens
877 2901 1165 2951 absolutus
1214 2910 1314 2952 est.
1397 2901 1578 2952 Causa
1623 2902 1852 2967 periculi
1900 2919 2006 2954 non

265 2988 473 3039 crimen
504 2987 674 3037 ullum
704 2996 797 3037 aut
829 2987 1073 3053 querella
1101 2986 1235 3036 laesi
1266 2987 1607 3053 cujusquam,
1634 2987 1729 3038 sed
1759 2985 2010 3038 infensus

263 3073 563 3124 virtutibus
594 3073 851 3138 princeps
882 3080 936 3122 et
978 3072 1152 3139 gloria
1179 3072 1280 3122 viri
1320 3089 1382 3123 ac
1424 3073 1725 3138 pessimum
1768 3073 2013 3123 inimico-

265 3177 384 3210 rum
413 3176 606 3226 genUS,
638 3158 941 3209 laudantes,
1024 3159 1097 3208 Et
1128 3175 1192 3209 ea
1219 3158 1473 3210 insecuta
1509 3168 1638 3209 sunt
1675 3159 2011 3225 reipublicae
