2179 3423
644 67 843 118 Revolt
879 67 944 133 of
973 66 1058 116 tlte
1102 64 1470 116 Caledoniam.
1870 73 1925 126 15

180 229 442 280 adversus
495 224 841 277 Britanniam
894 220 1259 290 profuturum,
1317 221 1363 273 si
1418 222 1673 272 Romana
1729 220 1932 287 ubique

180 333 343 375 arma,
376 322 431 365 et
458 313 610 364 velut
639 329 669 363 e
698 318 1004 377 conspectu
1032 310 1257 360 libertas
1287 308 1588 359 tolleretur.

253 416 385 451 XXV.
446 400 708 450 Ceterum
769 405 997 458 aestate,
1054 413 1160 462 qua
1224 403 1439 445 sextum
1499 393 1665 444 officii
1725 409 1932 443 annum

181 487 491 546 incohabat,
549 485 834 550 amplexus
889 483 1142 534 civitates
1197 490 1349 532 trans
1406 480 1726 530 Bodotriam
1781 480 1929 539 sitas,

182 574 307 640 quia
335 581 517 623 motus
547 572 928 622 universarum
959 569 1101 619 ultra
1130 568 1380 635 gentium
1411 575 1466 618 et
1490 565 1694 617 infesta
1714 566 1932 616 hostilis
1993 591 2009 620 5

182 659 454 710 exercitus
496 658 695 708 itinera
735 657 1087 714 timebantur,
1134 662 1325 720 portus
1381 653 1558 704 classe
1611 652 1932 718 exploravit.

184 746 342 812 Quae
383 745 450 795 ab
479 743 745 810 Agricola
784 743 1020 809 primum
1062 748 1347 806 assumpta
1387 740 1442 790 in
1483 747 1697 806 partem
1735 738 1934 789 virium

182 832 518 898 sequebatur
552 830 775 897 egregia
809 829 1008 895 specie,
1042 845 1166 878 cum
1209 826 1371 877 simul
1412 834 1558 877 terra
1598 824 1759 876 simul
1800 824 1935 875 mari

182 919 388 969 bellum
453 917 842 983 impelleretur,
904 932 966 965 ac
1021 930 1186 979 saepe
1249 913 1444 963 iisdem
1510 911 1705 964 castris
1763 912 1933 977 pedes

183 1021 462 1071 equesque
493 1012 549 1054 et
578 1003 832 1053 nauticus
874 1001 1046 1061 mileS,
1080 1000 1230 1050 misti
1272 1000 1444 1065 copiis
1486 1007 1542 1050 et
1581 998 1805 1058 laetitia,
1838 1014 1936 1048 sua

183 1091 414 1157 quisque
451 1088 599 1140 facta
636 1106 763 1139 suos
794 1105 953 1139 casus
983 1087 1336 1147 attollerent;
1378 1103 1440 1136 ac
1475 1086 1637 1135 modo
1676 1085 1934 1135 silvarum

183 1195 244 1228 ac
274 1177 546 1227 montium
587 1174 873 1242 profunda,
919 1175 1082 1224 modo
1125 1181 1523 1239 tempestatum
1564 1189 1626 1222 ac
1667 1171 1935 1222 fluctuum

183 1265 428 1324 adversa,
460 1263 589 1314 hinc
619 1271 763 1313 terra
791 1269 846 1311 et
884 1261 1075 1320 hostiS,
1109 1260 1238 1311 hinc
1278 1259 1459 1310 victus
1502 1258 1762 1310 Oceanus
1803 1257 1937 1307 mili-

183 1351 286 1401 tari
313 1350 582 1416 jactantia
614 1356 1081 1414 compararentur.
1165 1346 1464 1396 Britannos
1507 1362 1738 1412 quoque,
1770 1352 1830 1395 ut
1870 1361 1937 1395 ex

184 1437 415 1503 captivis
469 1436 807 1494 audiebatur,
853 1435 972 1485 visa
1019 1433 1212 1485 classis
1260 1430 1755 1498 obstupefaciebat,
1805 1440 1939 1481 tam-

184 1541 346 1590 quam
388 1531 579 1588 aperto
603 1522 767 1572 maris
792 1521 875 1571 sui
900 1529 1116 1571 secreto
1159 1519 1413 1570 ultimum
1436 1519 1597 1569 victis
1622 1515 1937 1584 perfugium

185 1611 543 1661 clauderetur.
625 1608 719 1658 Ad
757 1625 952 1658 manus
995 1616 1050 1658 et
1091 1623 1241 1657 arma
1282 1605 1535 1657 conversi
1579 1604 1936 1656 Caledoniam

184 1697 494 1748 incolentes
524 1696 726 1762 populi,
759 1703 953 1761 paratu
994 1710 1212 1760 magno,
1256 1693 1465 1758 majore
1505 1690 1665 1751 fama,
1697 1691 1777 1741 uti
1817 1708 1936 1741 mos

185 1792 270 1834 est
311 1784 378 1834 de
419 1783 640 1849 ignotiS,
672 1798 995 1848 oppugnare
1040 1781 1183 1831 ultro
1226 1779 1454 1830 castella
1493 1778 1684 1851 adorti,
1727 1786 1937 1828 metum

185 1879 245 1920 ut
315 1877 682 1936 provocantes
748 1868 1075 1919 addiderant
1108 1884 1118 1928 ;
1184 1866 1722 1933 regrediendumque
1801 1864 1939 1915 citra

187 1957 520 2015 Bodotriam,
578 1964 632 2006 et
686 1955 1066 2006 excedendum
1120 1953 1303 2019 potius
1365 1969 1526 2019 quam
1581 1951 1935 2017 pellerentur,

185 2043 370 2110 ignavi
424 2042 608 2108 specie
667 2041 1022 2107 prudentium
1083 2040 1474 2098 admonebant,
1533 2056 1657 2089 cum
1716 2038 1939 2089 interim

185 2130 475 2196 cognoscit
519 2130 710 2179 hostes
758 2128 1007 2194 pluribus
1061 2127 1374 2193 agminibus
1429 2111 1749 2191 irrupturos
1830 2125 1921 2176 Ae

186 2234 256 2268 ne
298 2224 596 2282 superante
636 2232 865 2266 numero
908 2223 962 2265 et
1003 2214 1201 2280 peritia
1240 2213 1487 2264 locorum
1541 2212 1936 2272 circumiretur,

185 2304 361 2354 diviso
391 2311 447 2354 et
475 2303 592 2368 ipse
622 2302 677 2352 in
706 2310 820 2352 tres
850 2309 1035 2367 partes
1065 2300 1312 2351 exercitu
1341 2299 1585 2350 incessit.

259 2406 415 2441 XXVI.
475 2389 640 2456 Quod
706 2388 798 2438 ubi
860 2388 1148 2454 cognitum
1214 2386 1376 2446 hosti,
1434 2394 1645 2436 mutato
1710 2392 1941 2451 repente

187 2477 432 2537 consilio,
466 2475 708 2526 universi
738 2492 939 2525 nonam
981 2474 1260 2540 legionem
1291 2481 1350 2523 ut
1380 2472 1614 2523 maxime
1644 2473 1939 2522 invalidam

187 2572 354 2614 nocte
394 2562 658 2630 aggressi,
704 2562 850 2613 inter
889 2579 1147 2612 somnum
1188 2578 1251 2611 ac
1293 2559 1720 2625 trepidationem
1764 2559 1940 2610 caesis

186 2651 443 2717 vigilibus
492 2650 750 2715 irrupere.
832 2649 1066 2715 Jamque
1096 2648 1149 2697 in
1181 2647 1314 2713 ipsis
1350 2646 1545 2697 castris
1575 2646 1938 2712 pugnabatur,

1997 1018 2032 1037 10

1998 1884 2038 1904 20

188 2754 314 2788 cum
343 2736 624 2802 Agricola,
659 2736 764 2786 iter
791 2735 1035 2785 hostium
1066 2735 1133 2784 ab
1157 2733 1598 2799 exploratoribus
1628 2733 1858 2783 edoctus
1888 2740 1942 2782 et
2003 2753 2041 2780 30

188 2823 439 2888 vestigiis
487 2823 789 2881 insecutus
846 2821 1229 2872 velocissimos
1284 2820 1530 2886 equitum
1585 2819 1943 2885 peditumque

189 2909 460 2960 assultare
513 2909 685 2974 tergis
733 2908 1101 2974 pugnantium
1154 2907 1326 2972 jubet,
1372 2923 1498 2956 mox
1550 2906 1618 2956 ab
1671 2904 1943 2956 universis

187 3000 329 3052 adici
369 2998 704 3056 clamorem3
745 3002 800 3045 et
843 2992 1152 3059 propinqua
1191 2991 1315 3042 luce
1355 2989 1560 3042 fulsere
1601 2990 1772 3057 signa.
1857 2989 1944 3041 Ita

187 3084 414 3151 ancipiti
458 3082 601 3132 malo
644 3079 826 3130 territi
868 3077 1156 3138 Britanni;
1210 3085 1264 3127 et
1309 3076 1576 3126 Romanis
1630 3075 1792 3126 rediit
1833 3075 1945 3126 ani-

188 3188 328 3232 mm,
352 3186 414 3221 ac
439 3166 618 3219 securi
646 3182 743 3233 pro
774 3164 952 3215 salute
974 3163 1042 3214 de
1065 3161 1239 3229 gloria
1261 3162 1564 3214 certabant.
1623 3161 1786 3212 Ultro
1810 3161 1941 3228 quin

1998 3177 2036 3207 35
