2179 3423
182 1071 222 1092 10

182 1507 220 1536 15

183 1936 225 1957 20

185 2371 224 2401 25

187 2800 228 2830 30

191 3230 228 3259 35

288 124 307 161 1
319 123 349 161 2
822 109 872 160 T
864 109 930 160 lle
967 109 1096 176 sze
1133 111 1199 176 of
1224 110 1494 178 Agricola.

279 269 419 319 vada
446 276 501 319 et
530 268 737 334 patrius
768 267 935 318 nandi
964 285 1111 327 USUS,
1144 285 1250 334 quo
1281 268 1442 318 simul
1477 285 1646 335 seque
1687 277 1742 320 et
1782 287 1932 321 arma
1967 277 2025 322 et

246 419 249 420 ⁷
280 371 450 420 equos
473 362 687 420 regunt,
714 354 790 404 ita
810 362 1040 419 repente
1063 354 1303 415 immisit,
1330 362 1390 404 ut
1412 353 1785 420 obstupefacti
1814 357 2020 419 hostes,

279 440 371 506 qui
424 440 672 500 classem,
729 440 820 505 qui
873 456 1057 500 naves,
1114 440 1204 505 qui
1257 457 1405 490 mare
1439 440 1852 505 exspectabant,
1887 442 2024 492 nihil

278 527 507 577 arduum
536 534 629 575 aut
658 526 923 576 invictum
954 525 1289 576 crediderint
1323 526 1400 576 sic
1430 527 1496 576 ad
1525 527 1728 577 bellum
1757 528 2026 578 venienti-

278 613 395 664 bus.
478 613 564 663 Ita
591 612 765 678 petita
793 628 926 677 pace
956 629 1018 663 ac
1047 612 1233 662 dedita
1266 612 1458 673 insula,
1492 613 1670 664 clarus
1699 631 1760 664 ac
1789 631 2023 680 magnus

278 699 469 750 haberi
522 698 823 765 Agricola;
884 698 1086 764 quippe
1140 698 1226 748 cui
1279 698 1614 765 ingredienti
1667 700 2020 765 provinciam,

279 786 424 853 quod
464 793 683 850 tempus
724 785 813 835 alii
853 801 951 850 per
979 785 1414 835 ostentationem
1444 793 1499 836 et
1528 785 1832 836 officiorum
1861 786 2026 836 ambi-

279 880 396 923 tum
443 871 773 937 transigunt,
824 871 977 921 labor
1028 879 1083 921 et
1136 871 1440 937 periculum
1488 872 1800 937 placuisset.
1903 872 2024 922 Nec

278 958 558 1025 Agricola,
592 957 959 1023 prosperitate
989 974 1169 1008 rerum
1201 958 1255 1007 in
1284 958 1587 1008 vanitatem
1630 975 1777 1018 usus,
1811 958 2027 1023 expedi-

278 1045 488 1096 tionem
529 1052 622 1094 aut
669 1043 954 1094 victoriam
1006 1044 1239 1094 vocabat
1291 1044 1469 1094 victos
1524 1044 1900 1105 continuisse;
1954 1061 2025 1094 ne

278 1130 536 1182 laureatis
578 1130 798 1196 quidem
839 1138 999 1196 gesta
1037 1137 1365 1197 prosecutus
1408 1137 1505 1181 est.
1590 1129 1701 1180 Sed
1754 1130 1873 1196 ipsa
1923 1130 2027 1180 dis-

280 1217 631 1268 simulatione
683 1214 861 1267 famae
913 1214 1115 1266 famam
1168 1216 1317 1266 auxit
1358 1216 1780 1266 aestimantibus
1821 1224 2027 1282 quanta

277 1303 449 1354 futuri
479 1320 575 1369 spe
605 1311 716 1353 tam
746 1320 946 1369 magna
974 1303 1254 1354 tacuisset.

351 1406 467 1441 XIX.
527 1390 788 1440 Ceterum
831 1390 1138 1439 animorum
1180 1389 1496 1454 provinciae
1543 1390 1800 1455 prudenS,
1846 1388 2028 1439 simul-

280 1495 385 1544 que
414 1478 610 1527 doctus
640 1494 738 1542 per
764 1476 943 1526 aliena
979 1475 1359 1541 experimenta
1398 1493 1588 1540 parum
1618 1476 1810 1541 profici
1844 1476 2023 1537 armis,

282 1565 325 1615 si
372 1564 604 1630 injuriae
652 1570 1031 1629 sequerentur,
1076 1579 1268 1612 causas
1321 1562 1589 1612 bellorum
1645 1562 1838 1612 statuit
1891 1562 2029 1612 exci-

281 1652 424 1702 dere.
518 1650 573 1700 A
627 1667 686 1700 se
752 1649 975 1714 suisque
1040 1665 1212 1708 orsus,
1281 1648 1516 1713 primum
1583 1648 1806 1697 domum
1873 1665 2027 1698 suam

282 1737 540 1796 coercuit,
567 1737 712 1802 quod
741 1735 1017 1801 plerisque
1058 1735 1204 1784 haud
1245 1734 1427 1784 minus
1469 1735 1697 1784 arduum
1740 1742 1825 1784 est
1865 1751 2027 1800 quam

282 1823 618 1889 provinciam
648 1839 855 1888 regere.
941 1821 1092 1870 Nihil
1124 1837 1221 1886 per
1248 1820 1477 1870 libertos
1519 1836 1818 1885 servosque
1859 1819 2030 1885 publi-

283 1927 379 1961 cae
408 1910 484 1960 rei
511 1926 520 1970 ;
562 1926 673 1959 non
703 1908 899 1959 studiis
928 1907 1154 1973 privatis
1185 1923 1287 1957 nec
1317 1923 1383 1956 eX
1421 1906 1902 1956 commendatione
1935 1894 2029 1956 aut

282 1997 538 2062 precibus
603 1995 1002 2054 centurionem,
1071 1993 1273 2043 milites
1338 1992 1528 2053 ascire,
1597 1993 1694 2042 sed
1759 1992 2028 2058 optimum

283 2099 555 2150 quemque
608 2081 934 2132 fidissimum
976 2061 1197 2146 putare]
1252 2078 1436 2129 omnia
1482 2078 1636 2138 scire,
1680 2095 1792 2128 non
1846 2078 2030 2131 omnia

283 2169 543 2235 exsequi3
596 2168 777 2234 parvis
818 2167 1062 2233 peccatis
1114 2165 1347 2225 veniam,
1404 2165 1620 2231 magnis
1674 2164 2028 2215 severitatem

284 2256 646 2314 commodare,
678 2271 781 2304 nec
817 2270 996 2319 poena
1030 2269 1248 2317 semper
1288 2252 1383 2301 sed
1427 2251 1644 2316 saepius
1686 2250 2032 2316 paenitentia

284 2350 580 2393 contentus
634 2357 789 2401 esse;
855 2339 1049 2390 officiis
1103 2347 1158 2389 et
1220 2337 1792 2388 administrationibus
1845 2336 2029 2402 potius

284 2446 393 2478 non
448 2436 772 2493 peccaturos
825 2442 1179 2492 praeponere,
1224 2441 1386 2490 quam
1434 2425 1696 2474 damnare
1739 2440 1863 2474 cum
1910 2439 2032 2488 pec-

285 2522 520 2565 cassent.
604 2512 894 2563 Frumenti
936 2520 991 2562 et
1031 2512 1363 2561 tributorum
1406 2509 1750 2560 exactionem
1798 2508 2033 2574 aequali-

284 2609 399 2651 tate
452 2617 742 2650 munerum
791 2598 1018 2658 mollire,
1064 2596 1404 2648 circumcisis
1464 2612 1602 2662 quae
1643 2595 1699 2644 in
1741 2603 2031 2661 quaestum

285 2695 504 2752 reperta
554 2687 673 2751 ipso
726 2685 934 2735 tributo
989 2684 1209 2750 gravius
1271 2683 1663 2732 tolerabantur.
1777 2681 2050 2746 Namque.

284 2789 387 2839 per
420 2772 713 2822 ludibrium
756 2771 999 2821 assidere
1041 2769 1240 2820 clausis
1288 2768 1500 2818 horreis
1543 2776 1597 2818 et
1651 2783 1834 2817 emere
1887 2766 2031 2816 ultro

283 2858 576 2918 frumenta,
620 2876 681 2908 ac
722 2858 911 2907 ludere
952 2856 1129 2922 pretio
1184 2855 1558 2921 cogebantur;
1612 2853 1861 2904 devortia
1912 2852 2034 2902 itin-

286 2962 438 2996 erum
468 2953 523 2995 et
550 2943 927 3009 longinquitas
956 2942 1245 3008 regionum
1279 2940 1639 3000 indicebatur,
1672 2947 1731 2989 ut
1761 2938 2028 2997 civitates,

286 3031 546 3097 proximis
587 3030 849 3088 hibernis,
894 3029 949 3078 in
992 3035 1204 3078 remota
1243 3035 1298 3077 et
1338 3027 1458 3076 avia
1497 3023 1793 3086 deferrent,
1837 3024 2028 3083 donec,

287 3119 431 3184 quod
461 3117 717 3167 omnibus
747 3116 801 3165 in
832 3122 1090 3180 promptu
1120 3121 1250 3172 erat,
1283 3112 1471 3178 paucis
1501 3112 1779 3162 lucrosum
1808 3111 1979 3160 fieret.

359 3219 450 3254 XX.
513 3204 670 3254 Haec
699 3202 874 3268 primo
905 3201 1091 3251 statim
1121 3217 1266 3250 anno
1297 3197 1725 3264 comprimendO,
1753 3195 2031 3263 egregiam
