2179 3423
134 1047 173 1067 10

133 1483 169 1513 15

133 1917 173 1938 20

134 2347 172 2377 25

135 2778 174 2808 30

137 3213 172 3243 33

232 108 298 145 22
773 93 882 144 lee
919 94 1049 160 sze
1086 94 1153 160 of
1178 94 1448 162 Agricola.

230 254 444 297 turmae
478 244 704 313 fugere3
746 247 1048 298 covinnarii
1088 248 1334 313 peditum
1365 266 1423 299 se
1453 250 1661 315 proelio
1691 250 1979 314 miscuere,

231 341 300 393 et,
324 349 635 398 quanquam
656 341 940 383 recentem
961 342 1228 384 terrorem
1249 334 1567 396 intulerant,
1587 337 1774 387 densis
1795 345 1981 389 tamen

228 419 473 469 hostium
527 418 841 484 agminibus
896 427 951 469 et
1004 419 1386 485 inaequalibus
1449 421 1584 472 locis
1647 423 1983 485 haerebant;

230 505 567 570 minimeque
608 505 881 570 equestris
930 522 996 555 ea
1039 505 1150 571 jam
1199 523 1418 572 pugnae
1464 505 1635 558 facies
1683 516 1814 567 erat,
1859 526 1983 560 cum

230 609 394 657 aegre
436 591 576 642 clivo
617 598 866 641 astantes
898 591 1058 640 simul
1090 608 1354 658 equorum
1386 594 1707 658 corporibus
1744 595 1986 660 impelle-

230 686 451 738 rentur3
492 695 554 728 ac
596 694 761 742 saepe
801 677 925 743 vagi
968 695 1175 739 currus,
1220 679 1467 729 exterriti
1511 680 1630 730 sine
1672 682 1984 732 rectoribus

230 765 370 830 equi,
397 772 455 814 ut
479 781 751 830 quemque
780 761 1013 814 formido
1044 765 1260 823 tulerat,
1288 773 1636 816 transversos
1668 776 1761 817 aut
1791 769 1984 819 obvios

230 851 601 901 incursabant.
698 865 918 901 XXXVII.
979 851 1052 900 Et
1099 851 1367 911 Britanni,
1410 853 1501 918 qui
1544 854 1722 904 adhuc
1766 872 1985 921 pugnae

231 945 485 1002 expertes
521 954 735 987 summa
773 937 993 987 collium
1034 937 1354 988 insederant
1390 947 1444 988 et
1486 940 1822 1004 paucitatem
1865 958 1986 991 nos-

230 1033 439 1074 trorum
468 1023 624 1074 vacui
664 1024 1018 1088 spernebant,
1052 1025 1279 1090 degredi
1318 1025 1581 1090 paulatim
1612 1035 1666 1076 et
1697 1027 1985 1078 circumire

230 1119 387 1176 terga
422 1110 766 1160 vincentium
810 1119 1125 1176 coeperant,
1167 1111 1223 1160 ni
1265 1111 1318 1161 id
1362 1112 1540 1177 ipsum
1578 1113 1787 1164 veritus
1824 1114 1986 1180 Agri-

229 1198 362 1257 cola,
389 1204 650 1263 quattuor
673 1196 919 1262 equitum
943 1196 1071 1254 alas,
1098 1198 1164 1271 ad
1190 1198 1373 1247 subita
1395 1199 1524 1248 belli
1548 1207 1812 1260 retentas,
1839 1201 1982 1250 veni-

230 1284 452 1334 entibus
491 1283 861 1348 opposuisset,
900 1272 1218 1350 quantoque
1253 1282 1500 1352 'ferocius
1542 1295 1982 1347 accucurrerant,

229 1379 385 1421 tanto
421 1370 599 1420 acrius
637 1370 827 1435 pulsos
858 1370 911 1419 in
941 1368 1130 1436 fugam
1161 1371 1493 1437 disjecisset.
1578 1372 1664 1422 Ita
1692 1373 1981 1423 consilium

231 1457 624 1506 Britannorum
656 1456 710 1505 in
741 1456 891 1521 ipsos
921 1474 1158 1517 versum,
1191 1465 1654 1524 transvectaeque
1688 1468 1984 1525 praecepto

229 1543 384 1594 ducis
414 1560 445 1593 a
471 1540 656 1592 fronte
685 1543 1055 1608 pugnantium
1085 1544 1216 1604 alae,
1249 1561 1499 1594 aversam
1538 1545 1781 1594 hostium
1811 1546 1981 1596 aciem

229 1630 495 1680 invasere.
579 1630 723 1680 Tum
768 1647 899 1680 vero
943 1631 1265 1696 patentibus
1307 1631 1443 1681 locis
1485 1632 1693 1697 grande
1735 1640 1790 1682 et
1831 1641 1985 1684 atrox

230 1716 647 1782 spectaculum3
701 1716 872 1782 sequi,
928 1717 1235 1776 vulnerare,
1287 1735 1486 1783 capere
1539 1726 1705 1784 atque
1759 1720 1984 1770 eosdem

231 1803 429 1853 oblatis
482 1802 602 1852 aliis
662 1803 951 1854 trucidare.
1069 1804 1191 1868 Jam
1256 1804 1515 1865 hostium,
1572 1813 1735 1869 prout
1789 1805 1985 1872 cuique

231 1890 518 1955 ingenium
567 1898 698 1949 erat,
744 1898 999 1940 catervae
1047 1898 1382 1940 armatorum
1431 1891 1782 1956 paucioribus
1830 1900 1987 1959 terga

230 1985 527 2042 praestare,
587 1976 807 2042 quidam
861 1975 1102 2027 inermes
1163 1978 1306 2027 ultro
1367 1994 1526 2028 ruere
1585 1995 1647 2028 ac
1708 1995 1767 2029 se
1822 1979 1982 2029 morti

230 2060 464 2123 offerre3
506 2062 710 2127 passim
745 2080 896 2112 arma
932 2071 987 2113 et
1025 2080 1254 2128 corpora
1293 2071 1347 2114 et
1381 2064 1547 2123 laceri
1585 2072 1736 2114 artus
1775 2073 1829 2115 et
1872 2083 1976 2116 cru-

232 2158 362 2200 enta
409 2150 642 2208 humus;
697 2157 752 2199 et
800 2149 1093 2215 aliquando
1143 2151 1308 2200 etiam
1356 2151 1518 2201 victis
1560 2151 1638 2201 ira
1682 2152 1976 2218 virtusque.

233 2237 532 2302 Postquam
574 2236 725 2286 silvis
779 2236 1378 2303 appropinquaverunt,
1427 2238 1730 2288 identidem
1778 2239 1984 2304 primos

232 2323 584 2389 sequentium
627 2322 878 2373 incautos
924 2323 1143 2374 collecti
1178 2332 1232 2373 et
1273 2323 1519 2374 locorum
1562 2324 1718 2390 gnari
1761 2325 1987 2375 circum-

230 2409 543 2459 veniebant.
629 2409 793 2474 Quod
836 2409 891 2458 ni
930 2407 1194 2475 frequens
1234 2411 1435 2476 ubique
1473 2410 1741 2477 Agricola
1776 2411 1984 2462 validas

231 2503 288 2546 et
335 2495 618 2560 expeditas
663 2496 921 2545 cohortes
973 2496 1249 2562 indaginis
1296 2498 1475 2555 modo,
1521 2505 1591 2558 et,
1639 2497 1815 2548 sicubi
1861 2498 1986 2548 arti-

231 2599 325 2632 ora
353 2590 525 2644 erant,
557 2590 769 2647 partem
801 2583 1048 2648 equitum
1079 2583 1323 2633 dimissis
1354 2583 1525 2649 equis,
1559 2584 1720 2633 simul
1751 2584 1982 2635 rariores
2036 2613 2040 2615 ἡ

232 2668 397 2719 silvas
445 2668 687 2734 equitem
742 2669 1050 2734 persultare
1097 2668 1373 2734 jussisset,
1423 2677 1713 2735 acceptum
1762 2670 1979 2736 aliquod

229 2755 430 2804 vulnus
472 2771 568 2820 per
609 2755 832 2804 nimiam
877 2755 1132 2805 fiduciam
1167 2753 1326 2806 foret.
1409 2755 1672 2805 Ceterum
1712 2756 1804 2806 ubi
1842 2774 1983 2806 com-

230 2841 441 2906 positos
484 2841 655 2890 firmis
698 2841 984 2891 ordinibus
1027 2841 1182 2907 sequi
1224 2859 1412 2891 rursus
1454 2841 1657 2903 videre,
1698 2842 1752 2891 in
1792 2839 1980 2908 fugam

229 2927 390 2988 versi,
446 2944 556 2976 non
616 2927 946 2992 agminibus,
1003 2935 1062 2976 ut
1117 2927 1283 2992 prius,
1334 2944 1435 2977 nec
1489 2928 1627 2977 alius
1680 2927 1847 2977 alium
1906 2945 1982 2978 re-

231 3021 566 3079 spectantes,
604 3013 709 3062 rari
748 3021 801 3063 et
841 3013 1129 3063 vitabundi
1175 3013 1428 3075 invicem,
1473 3013 1774 3079 longinqua
1816 3022 1981 3079 atque

230 3099 351 3149 avia
408 3099 633 3164 petiere.
739 3099 894 3149 Finis
956 3099 1224 3165 sequendi
1289 3116 1396 3149 nox
1456 3107 1509 3149 et
1571 3099 1799 3150 satietas
1857 3097 1976 3150 fuit.

233 3185 410 3236 Caesa
461 3185 703 3235 hostium
758 3186 825 3235 ad
878 3186 1069 3236 decem
1125 3185 1307 3247 milia;
1373 3193 1688 3235 nostrorum
1743 3185 1976 3236 trecenti
