2179 3423
662 70 869 121 Events
905 71 1054 136 aster
1087 70 1173 121 tlte
1211 71 1407 124 Battle.
1838 89 1907 141 23

163 223 452 291 sexaginta
497 222 761 283 cecidere,
811 222 866 272 in
914 222 1036 289 quis
1084 222 1267 274 Aulus
1315 223 1545 276 Atticus
1594 224 1908 292 praefectus

161 309 420 370 cohortis,
450 308 681 374 juvenili
714 309 907 358 ardore
936 317 990 358 et
1020 306 1226 360 ferocia
1255 310 1380 376 equi
1419 311 1674 363 hostibus
1707 314 1905 367 illatus.
1939 360 1947 370 ,

160 410 402 446 xxxviii.
461 395 533 444 Et
582 412 689 444 nox
735 394 956 461 quidem
1004 396 1204 461 gaudio
1254 397 1565 463 praedaque
1615 399 1760 450 laeta
1803 401 1911 451 vic-

160 482 387 533 toribus.
488 481 740 531 Britanni
793 481 1044 546 palantes
1098 482 1375 549 mistoque
1427 484 1668 534 virorum
1723 487 1911 537 mulie-

159 584 390 634 rumque
443 567 674 633 ploratti,
730 568 951 618 trahere
1004 568 1340 631 vulneratOS‚
1390 587 1586 621 vocare
1643 571 1905 638 integrOS,

159 655 414 705 deserere
461 654 654 704 domos
701 671 764 705 ac
811 671 909 720 per
955 654 1089 705 iram
1134 656 1279 706 ultro
1324 656 1655 719 incendere3
1703 659 1908 725 eligere

159 740 398 791 latebras
441 748 494 790 et
537 740 726 790 statim
756 741 1101 807 relinquere;
1143 742 1376 793 miscere
1407 743 1643 794 invicem
1679 746 1910 797 consilia

157 826 352 893 aliqua,
404 827 531 877 dein
585 843 877 893 separare;
932 827 1226 893 aliquando
1279 826 1461 895 frangi
1514 839 1744 895 aspectu
1797 832 1910 898 pig-

157 930 352 963 norum
401 930 640 974 suorum,
691 913 911 978 saepius
959 913 1263 975 concitari;
1320 915 1566 982 satisque
1614 919 1906 968 constabat

157 999 400 1049 saevisse
430 1000 695 1066 quosdam
726 999 781 1049 in
811 999 1079 1066 conjuges
1114 1017 1175 1051 ac
1210 1000 1428 1062 liberos,
1461 1010 1742 1068 tamquam
1785 1005 1910 1054 mis-

157 1094 457 1136 erarentur.
542 1085 827 1136 Proximus
871 1086 989 1136 (lies
1033 1084 1231 1137 faciem
1273 1088 1539 1138 Victoriae
1581 1089 1745 1140 latius
1788 1108 1909 1156 ape-

156 1171 299 1233 ruit;
338 1180 557 1222 vastum
589 1173 791 1238 ubique
833 1173 1133 1234 silentium,
1166 1174 1367 1224 secreti
1409 1175 1593 1236 colles,
1637 1173 1909 1228 fumantia

156 1257 345 1324 procul
389 1266 554 1319 tecta,
601 1276 763 1308 nemo
808 1259 1248 1324 exploratoribus
1292 1261 1502 1312 obvius.
1587 1262 1803 1328 Quibus
1852 1264 1906 1314 in

156 1361 376 1394 omnem
400 1353 614 1410 partem
638 1345 898 1405 dimissis,
925 1346 1017 1395 ubi
1046 1346 1260 1397 incerta
1280 1345 1445 1413 fugae
1467 1349 1705 1414 vestigia
1728 1367 1906 1416 neque

155 1447 385 1496 usquam
434 1431 754 1497 conglobari
801 1433 992 1482 hostes
1046 1442 1392 1499 compertum
1441 1443 1495 1484 et
1550 1444 1744 1486 exacta
1794 1437 1904 1502 jam

154 1525 370 1567 aestate
422 1517 606 1583 spargi
659 1517 865 1568 bellum
919 1519 1200 1584 nequibat,
1251 1520 1306 1569 in
1361 1521 1498 1571 fines
1549 1521 1905 1573 Borestorum

155 1603 459 1653 exercitum
512 1603 752 1655 deducit.
836 1605 920 1654 Ibi
973 1605 1218 1671 acceptis
1272 1606 1573 1669 obsidibus,
1624 1607 1905 1673 praefecto

155 1689 348 1740 classis
390 1690 729 1741 circumvehi
771 1691 1116 1742 Britanniam
1154 1693 1439 1758 praecipit.
1522 1694 1703 1745 Datae
1743 1696 1810 1745 ad
1852 1696 1905 1746 id

154 1775 315 1838 vireS,
347 1784 401 1826 et
431 1788 808 1842 praecesserat
839 1786 1030 1829 terror.
1115 1779 1242 1844 Ipse
1271 1780 1515 1844 peditem
1553 1789 1720 1847 atque
1762 1783 1907 1848 equi-

154 1870 241 1913 tes
270 1862 421 1913 lento
451 1863 665 1925 itinere,
697 1881 803 1930 quo
833 1882 1098 1915 novarum
1128 1865 1380 1931 gentium
1410 1866 1579 1916 animi
1609 1867 1729 1933 ipsa
1762 1877 1907 1919 tran-

155 1949 296 2000 situs
339 1966 492 2000 mora
533 1958 892 2012 terrerentur,
936 1951 991 2001 in
1034 1951 1282 2002 hibernis
1326 1952 1543 2005 locavit.
1626 1954 1700 2004 Et
1743 1955 1904 2005 simul

155 2035 347 2087 classis
392 2037 635 2087 secunda
677 2045 1016 2103 tempestate
1058 2056 1120 2089 ac
1161 2036 1308 2089 fama
1348 2040 1745 2092 Trutulensem
1790 2059 1908 2108 por-

154 2130 272 2172 tum
302 2122 499 2185 tenuit,
531 2124 677 2174 unde
705 2124 954 2190 proximo
994 2125 1314 2176 Britanniae
1352 2112 1533 2177 latere
1566 2126 1714 2178 lecto
1755 2129 1905 2179 omni

155 2208 409 2260 redierat.

226 2310 421 2347 xxxix.
482 2296 650 2347 Hunc
687 2314 869 2348 rerum
908 2315 1145 2361 cursum,
1177 2316 1510 2366 quamquam
1541 2300 1691 2352 nulla
1718 2302 1909 2352 verbo-

154 2399 274 2432 rum
302 2381 570 2448 jactantia
598 2383 851 2448 epistulis
881 2383 1182 2450 Agricolae
1216 2394 1458 2447 auctum,
1491 2394 1549 2436 ut
1582 2387 1905 2438 Domitiano

155 2468 322 2519 moris
352 2477 485 2530 erat,
515 2467 700 2520 fronte
728 2470 922 2532 laetus,
949 2479 1174 2537 pectore
1203 2472 1397 2522 anxius
1427 2473 1659 2539 excepit.
1719 2474 1904 2525 Inerat

154 2554 497 2606 conscientia
536 2556 743 2606 derisui
784 2555 956 2608 fuisse
995 2575 1171 2623 nuper
1198 2556 1399 2608 falsum
1430 2576 1459 2609 e
1490 2559 1789 2611 Germania
1817 2561 1908 2610 tri-

154 2641 436 2707 umphum,
487 2643 688 2708 emptis
741 2661 839 2709 per
891 2645 1236 2706 commercia,
1287 2662 1518 2711 quorum
1574 2646 1795 2696 habitus
1849 2655 1903 2697 et

154 2727 334 2778 crines
388 2728 444 2777 in
492 2729 835 2794 captivorum
891 2730 1133 2796 speciem
1187 2728 1593 2793 formarentur;
1647 2741 1701 2782 at
1757 2750 1903 2783 nunc

153 2830 338 2864 veram
380 2832 749 2882 magnamque
789 2816 1076 2867 victoriam
1120 2825 1202 2867 tot
1242 2818 1464 2868 milibus
1506 2819 1750 2868 hostium
1791 2836 1907 2869 cae-

154 2899 230 2950 sis
271 2900 486 2966 ingenti
525 2899 670 2952 fama
706 2902 985 2954 celebrari.
1070 2904 1131 2953 Id
1174 2904 1277 2953 sibi
1320 2904 1554 2954 maxime
1596 2902 1907 2955 formidolo-

154 3001 292 3045 sum,
349 2986 547 3050 privati
602 2988 842 3038 hominis
896 3006 1100 3039 nomen
1155 3006 1320 3055 supra
1373 2990 1637 3056 principis
1691 2991 1904 3054 attolli;

152 3069 358 3122 frustra
398 3073 582 3123 studia
609 3072 712 3124 fori
743 3083 797 3125 et
828 3074 1071 3125 civilium
1102 3075 1302 3125 artium
1333 3076 1502 3126 decus
1533 3076 1588 3126 in
1618 3076 1903 3127 silentium

152 3164 291 3218 acta,
337 3157 381 3208 si
435 3159 731 3210 militarem
775 3160 1005 3226 gloriam
1050 3161 1189 3211 alius
1232 3170 1528 3227 occuparet
1553 3179 1564 3224 ;
1617 3170 1672 3213 et
1717 3172 1905 3214 cetera

1969 1461 2006 1490 1⁵

1967 2327 2005 2356 25

1965 2760 2005 2789 30

1962 3189 2002 3219 3⁵
