2179 3423
655 81 844 133 Battle
883 81 950 147 qs
979 80 1145 131 Mons
1190 78 1483 146 Graupius.
1878 94 1939 130 21

198 237 498 304 approbate
535 234 870 301 reipublicae
908 250 1208 299 numquam
1253 231 1518 282 exercitui
1559 231 1816 297 imputari
1856 248 1947 297 po-

199 324 372 374 tuisse
401 331 494 373 aut
523 338 702 371 moras
733 320 862 370 belli
891 328 983 370 aut
1014 336 1206 369 causas
1236 317 1593 368 rebellandi.”

270 425 440 459 XXXV.
500 409 573 458 Et
613 407 929 473 alloquente
976 406 1156 455 adhuc
1196 404 1464 470 Agricola
1506 404 1741 453 militum
1788 405 1949 454 ardor

199 495 491 553 eminebat,
524 501 579 544 et
619 494 788 543 finem
822 491 1088 542 orationis
1123 491 1322 556 ingens
1357 490 1611 540 alacritas
1646 498 1949 540 consecuta

198 590 284 631 est
331 581 626 646 statimque
679 580 746 629 ad
799 596 950 629 arma
1001 578 1326 628 discursum.
1430 576 1736 626 Instinctos
1790 594 1948 626 ruen-

198 676 393 733 tesque
434 667 509 717 ita
548 666 833 732 disposuit,
872 674 931 715 ut
972 665 1220 730 peditum
1262 663 1474 723 auxilia,
1507 679 1645 728 quae
1686 670 1812 712 octo
1854 663 1948 712 mi-

198 754 329 803 lium
369 762 539 811 erant,
572 753 807 802 mediam
837 751 1011 801 aciem
1042 751 1339 808 firmarent,
1373 749 1618 815 equitum
1658 749 1762 798 tria
1800 750 1949 800 milia

198 840 457 890 cornibus
499 836 949 898 affunderentur3
989 836 1240 902 legiones
1281 852 1378 901 pro
1419 836 1562 885 vallo
1605 843 1827 895 stetere,
1872 836 1949 885 in-

198 943 337 991 gens
360 925 620 975 victoriae
640 925 808 974 decus
834 923 971 973 citra
996 923 1310 972 Romanum
1335 921 1662 987 sanguinem
1687 922 1943 983 bellandi,

198 1020 253 1061 et
287 1011 561 1069 auxilium,
594 1010 637 1060 si
676 1010 1027 1075 pellerentur.
1112 1008 1504 1057 Britannorum
1543 1008 1704 1066 acies,
1737 1008 1792 1057 in
1831 1025 1949 1073 spe-

198 1098 337 1148 ciem
373 1097 533 1146 simul
562 1114 623 1146 ac
654 1105 936 1155 terrorem,
969 1094 1294 1144 editioribus
1323 1094 1458 1144 locis
1490 1094 1817 1144 constiterat
1855 1095 1944 1155 ita,

199 1191 258 1233 ut
298 1183 534 1249 primum
571 1199 770 1248 agmen
808 1198 999 1247 aequo,
1033 1180 1204 1231 ceteri
1245 1197 1344 1246 per
1383 1180 1589 1230 acclive
1628 1180 1822 1246 jugum
1865 1197 1950 1230 co-

198 1270 323 1320 nexi
375 1270 526 1320 velut
579 1269 968 1335 insurgerent;
1028 1268 1210 1318 media
1262 1267 1441 1332 campi
1495 1267 1846 1317 covinnarius
1899 1275 1953 1317 et

197 1373 366 1422 eques
407 1355 642 1420 strepitu
681 1372 744 1405 ac
785 1355 1038 1405 discursu
1079 1354 1407 1419 complebat.
1489 1354 1634 1403 Tum
1682 1353 1950 1419 Agricola

198 1451 496 1507 superante
540 1441 782 1491 hostium
831 1440 1188 1490 multitudine
1230 1440 1454 1498 veritus,
1500 1457 1570 1489 ne
1614 1440 1667 1488 in
1705 1437 1948 1490 frontem

197 1528 358 1578 simul
399 1536 454 1578 et
495 1527 668 1577 latera
704 1544 930 1576 suorum
973 1534 1327 1591 pugnaretur,
1365 1526 1602 1576 diductis
1645 1526 1945 1586 ordinibus,

196 1631 524 1681 quamquam
572 1613 876 1679 porrectior
913 1613 1060 1662 acies
1104 1610 1291 1662 futura
1333 1620 1450 1661 erat
1490 1620 1544 1661 et
1588 1613 1948 1662 arcessendas

196 1701 442 1767 plerique
494 1700 744 1766 legiones
791 1699 1182 1758 admonebant,
1229 1698 1535 1763 promptior
1581 1698 1635 1747 in
1685 1715 1839 1762 spem
1894 1706 1950 1748 et

196 1787 385 1837 firmus
432 1786 693 1845 adversis,
737 1785 964 1835 dimisso
1007 1801 1147 1850 equo
1195 1785 1365 1849 pedes
1413 1792 1541 1834 ante
1582 1784 1780 1834 vexilla
1825 1802 1950 1834 con-

196 1873 351 1924 stitit.

267 1974 462 2010 XXXVI.
513 1957 602 2009 Ac
625 1957 800 2024 primo
818 1955 1129 2023 'congressu
1151 1957 1367 2007 eminus
1398 1957 1737 2016 certabatur;
1768 1956 1950 2006 simul-

195 2062 300 2111 que
337 2045 653 2096 constantia
696 2044 857 2094 simul
887 2052 1005 2094 arte
1036 2043 1290 2093 Britanni
1318 2043 1640 2109 ingentibus
1669 2044 1863 2109 gladiis
1893 2051 1949 2093 et

195 2132 454 2182 brevibus
495 2121 662 2211 cfitris
703 2130 933 2181 missilia
972 2138 1289 2180 nostrorum
1330 2129 1503 2179 vitare
1529 2113 1628 2178 ¹vel
1671 2138 1944 2191 excutere,

195 2226 360 2284 atque
406 2217 510 2283 ipsi
556 2234 815 2284 magnam
862 2217 974 2266 vim
1024 2216 1261 2266 telorum
1310 2213 1726 2280 superfundere,
1770 2216 1948 2266 donec

196 2303 463 2370 Agricola
508 2304 843 2354 Batavorum
887 2303 1147 2353 cohortes
1190 2319 1251 2352 ac
1293 2302 1647 2367 Tungrorum
1689 2302 1823 2351 duas
1865 2319 1950 2352 co-

195 2391 448 2440 hortatus
478 2397 577 2449 est,
604 2397 664 2439 ut
693 2406 808 2439 rem
838 2389 906 2438 ad
936 2405 1231 2438 mucrones
1261 2405 1322 2437 ac
1352 2404 1547 2436 manus
1576 2387 1947 2449 adducerent;

196 2476 341 2543 quod
370 2484 425 2526 et
454 2475 587 2541 ipsis
616 2483 897 2526 vetustate
936 2474 1164 2524 militiae
1201 2474 1577 2533 exercitatum,
1611 2482 1665 2523 et
1694 2474 1946 2524 hostibus

196 2562 438 2613 inhabile
491 2579 658 2627 parva
710 2570 868 2612 scuta
920 2569 975 2611 et
1029 2578 1287 2611 enormes
1341 2560 1551 2626 gladios
1605 2559 1942 2625 gerentibus

198 2649 341 2698 Nam
367 2648 759 2698 Britannorum
784 2647 951 2714 gladii
976 2647 1097 2697 sine
1119 2663 1384 2697 mucrone
1408 2646 1753 2711 complexum
1778 2663 1950 2696 armo-

197 2752 315 2785 rum
346 2742 400 2784 et
428 2734 484 2783 in
513 2742 630 2784 arto
654 2751 897 2799 pugnam
921 2750 1032 2783 non
1056 2733 1382 2787 tolerabant.
1455 2733 1644 2798 Igitur,
1671 2740 1730 2782 ut
1755 2731 1948 2782 Batavi

197 2821 430 2870 miscere
471 2820 629 2879 ictus,
664 2818 830 2870 ferire
871 2819 1222 2878 umbonibus,
1260 2836 1354 2868 ora
1389 2816 1628 2877 foedare,
1665 2826 1719 2868 et
1761 2818 1947 2868 stratis

198 2906 289 2972 qui
317 2907 372 2955 in
401 2923 575 2972 aequo
616 2906 909 2956 astiterant
949 2905 1162 2971 erigere
1191 2905 1246 2954 in
1277 2905 1446 2954 colles
1484 2904 1657 2954 aciem
1696 2921 1944 2969 coepere,

199 3000 415 3042 ceterae
457 2993 731 3052 cohortes,
764 2991 1135 3041 aemulatione
1177 2998 1232 3040 et
1261 2991 1472 3055 impetu
1507 2990 1743 3050 conisae,
1775 2990 1949 3055 proxi-

198 3095 316 3128 mos
341 3095 587 3144 quosque
611 3078 873 3138 caedere;
915 3094 976 3127 ac
1005 3077 1253 3142 plerique
1284 3076 1592 3126 semineces
1622 3084 1715 3125 aut
1745 3075 1948 3142 integri

197 3161 556 3215 festinatione
583 3163 848 3214 victoriae
878 3162 1347 3229 relinquebantur.
1432 3161 1664 3211 Interim
1699 3161 1946 3228 equitum

2007 1028 2047 1049 10

2008 1459 2046 1490 15

2008 1888 2049 1908 20

2007 2325 2047 2355 25

2007 2756 2048 2786 30

2007 3181 2047 3212 35
