<?xml version="1.0" encoding="UTF-8"?>
<!DOCTYPE html PUBLIC "-//W3C//DTD XHTML 1.0 Transitional//EN"
    "http://www.w3.org/TR/xhtml1/DTD/xhtml1-transitional.dtd">
<html xmlns="http://www.w3.org/1999/xhtml" xml:lang="en" lang="en">
 <head>
  <title>
</title>
<meta http-equiv="Content-Type" content="text/html;charset=utf-8" />
  <meta name='ocr-system' content='tesseract 3.04.00' />
  <meta name='ocr-capabilities' content='ocr_page ocr_carea ocr_par ocr_line ocrx_word'/>
</head>
<body>
  <div class='ocr_page' id='page_1' title='image "./pcornelitacitivi00taci_0021.png"; bbox 0 0 2179 3423; ppageno 0'>
   <div class='ocr_carea' id='block_1_1' title="bbox 614 83 1898 152">
    <p class='ocr_par' dir='ltr' id='par_1_1' title="bbox 614 83 1898 152">
     <span class='ocr_line' id='line_1_1' title="bbox 614 83 1898 152; baseline -0.004 -14"><span class='ocrx_word' id='word_1_1' title='bbox 614 87 933 138; x_wconf 66' lang='lat' dir='ltr'>Discolztent</span> <span class='ocrx_word' id='word_1_2' title='bbox 968 86 1034 152; x_wconf 81' lang='lat' dir='ltr'>of</span> <span class='ocrx_word' id='word_1_3' title='bbox 1062 85 1150 136; x_wconf 74' lang='lat' dir='ltr'>tlte</span> <span class='ocrx_word' id='word_1_4' title='bbox 1188 83 1424 136; x_wconf 67' lang='lat' dir='ltr'>Brz&#39;lons.</span> <span class='ocrx_word' id='word_1_5' title='bbox 1862 99 1898 151; x_wconf 84' lang='lat'>9</span> 
     </span>
    </p>
   </div>
   <div class='ocr_carea' id='block_1_2' title="bbox 104 241 2000 3245">
    <p class='ocr_par' dir='ltr' id='par_1_2' title="bbox 104 241 2000 3245">
     <span class='ocr_line' id='line_1_2' title="bbox 219 241 1893 310; baseline -0.003 -13"><span class='ocrx_word' id='word_1_6' title='bbox 219 262 335 298; x_wconf 77' lang='lat' dir='ltr'>XIV.</span> <span class='ocrx_word' id='word_1_7' title='bbox 395 245 781 298; x_wconf 80' lang='lat' dir='ltr'>Consularium</span> <span class='ocrx_word' id='word_1_8' title='bbox 811 244 1018 310; x_wconf 91' lang='lat' dir='ltr'>primus</span> <span class='ocrx_word' id='word_1_9' title='bbox 1043 243 1224 294; x_wconf 86' lang='lat' dir='ltr'>Aulus</span> <span class='ocrx_word' id='word_1_10' title='bbox 1257 242 1500 292; x_wconf 90' lang='lat' dir='ltr'>Plautius</span> <span class='ocrx_word' id='word_1_11' title='bbox 1530 241 1893 308; x_wconf 85' lang='lat' dir='ltr'>praeposituS,</span> 
     </span>
     <span class='ocr_line' id='line_1_3' title="bbox 147 328 1897 395; baseline -0.004 -11"><span class='ocrx_word' id='word_1_12' title='bbox 147 350 210 384; x_wconf 88' lang='lat' dir='ltr'>ac</span> <span class='ocrx_word' id='word_1_13' title='bbox 262 331 495 383; x_wconf 79' lang='lat' dir='ltr'>subinde</span> <span class='ocrx_word' id='word_1_14' title='bbox 537 331 795 384; x_wconf 81' lang='lat' dir='ltr'>Ostorius</span> <span class='ocrx_word' id='word_1_15' title='bbox 853 329 1103 395; x_wconf 84' lang='lat' dir='ltr'>Scapula,</span> <span class='ocrx_word' id='word_1_16' title='bbox 1150 332 1381 395; x_wconf 88' lang='lat' dir='ltr'>uterque</span> <span class='ocrx_word' id='word_1_17' title='bbox 1422 328 1566 378; x_wconf 90' lang='lat' dir='ltr'>bello</span> <span class='ocrx_word' id='word_1_18' title='bbox 1608 328 1897 394; x_wconf 87' lang='lat' dir='ltr'>egregius;</span> 
     </span>
     <span class='ocr_line' id='line_1_4' title="bbox 148 413 1900 483; baseline -0.003 -14"><span class='ocrx_word' id='word_1_19' title='bbox 148 420 480 483; x_wconf 88' lang='lat' dir='ltr'>redactaque</span> <span class='ocrx_word' id='word_1_20' title='bbox 545 417 808 482; x_wconf 89' lang='lat' dir='ltr'>paulatim</span> <span class='ocrx_word' id='word_1_21' title='bbox 869 416 926 465; x_wconf 90' lang='lat' dir='ltr'>in</span> <span class='ocrx_word' id='word_1_22' title='bbox 983 413 1216 465; x_wconf 82' lang='lat' dir='ltr'>formam</span> <span class='ocrx_word' id='word_1_23' title='bbox 1275 414 1591 480; x_wconf 81' lang='lat' dir='ltr'>provinciae</span> <span class='ocrx_word' id='word_1_24' title='bbox 1652 414 1900 480; x_wconf 85' lang='lat' dir='ltr'>proxima</span> 
     </span>
     <span class='ocr_line' id='line_1_5' title="bbox 147 499 1893 571; baseline -0.001 -17"><span class='ocrx_word' id='word_1_25' title='bbox 147 522 272 571; x_wconf 89' lang='lat' dir='ltr'>pars</span> <span class='ocrx_word' id='word_1_26' title='bbox 315 503 648 554; x_wconf 75' lang='lat' dir='ltr'>Britanniae.</span> <span class='ocrx_word' id='word_1_27' title='bbox 730 502 944 552; x_wconf 84' lang='lat' dir='ltr'>Addita</span> <span class='ocrx_word' id='word_1_28' title='bbox 983 501 1210 566; x_wconf 76' lang='lat' dir='ltr'>insuper</span> <span class='ocrx_word' id='word_1_29' title='bbox 1245 509 1634 551; x_wconf 85' lang='lat' dir='ltr'>veteranorum</span> <span class='ocrx_word' id='word_1_30' title='bbox 1665 499 1893 552; x_wconf 88' lang='lat' dir='ltr'>colonia.</span> 
     </span>
     <span class='ocr_line' id='line_1_6' title="bbox 150 586 1898 657; baseline -0.002 -17"><span class='ocrx_word' id='word_1_31' title='bbox 150 591 438 657; x_wconf 77' lang='lat' dir='ltr'>Quaedam</span> <span class='ocrx_word' id='word_1_32' title='bbox 501 589 754 639; x_wconf 84' lang='lat' dir='ltr'>civitates</span> <span class='ocrx_word' id='word_1_33' title='bbox 818 587 1168 654; x_wconf 79' lang='lat' dir='ltr'>Cogidumno</span> <span class='ocrx_word' id='word_1_34' title='bbox 1226 587 1344 653; x_wconf 88' lang='lat' dir='ltr'>regi</span> <span class='ocrx_word' id='word_1_35' title='bbox 1405 587 1642 637; x_wconf 82' lang='lat' dir='ltr'>donatae</span> <span class='ocrx_word' id='word_1_36' title='bbox 1701 586 1766 652; x_wconf 90' lang='lat' dir='ltr'>(is</span> <span class='ocrx_word' id='word_1_37' title='bbox 1830 587 1898 636; x_wconf 92' lang='lat' dir='ltr'>ad</span> 
     </span>
     <span class='ocr_line' id='line_1_7' title="bbox 147 673 1898 741; baseline -0.002 -14"><span class='ocrx_word' id='word_1_38' title='bbox 147 685 394 727; x_wconf 88' lang='lat' dir='ltr'>nostram</span> <span class='ocrx_word' id='word_1_39' title='bbox 425 692 598 741; x_wconf 89' lang='lat' dir='ltr'>usque</span> <span class='ocrx_word' id='word_1_40' title='bbox 639 675 961 725; x_wconf 88' lang='lat' dir='ltr'>memoriam</span> <span class='ocrx_word' id='word_1_41' title='bbox 1003 674 1304 724; x_wconf 88' lang='lat' dir='ltr'>fidissimus</span> <span class='ocrx_word' id='word_1_42' title='bbox 1345 673 1568 737; x_wconf 86' lang='lat' dir='ltr'>mansit)</span> <span class='ocrx_word' id='word_1_43' title='bbox 1603 681 1676 732; x_wconf 92' lang='lat' dir='ltr'>ut,</span> <span class='ocrx_word' id='word_1_44' title='bbox 1707 681 1898 724; x_wconf 78' lang='lat' dir='ltr'>vetere</span> 
     </span>
     <span class='ocr_line' id='line_1_8' title="bbox 146 759 1894 828; baseline -0.002 -14"><span class='ocrx_word' id='word_1_45' title='bbox 146 780 209 814; x_wconf 90' lang='lat' dir='ltr'>ac</span> <span class='ocrx_word' id='word_1_46' title='bbox 260 762 372 828; x_wconf 90' lang='lat' dir='ltr'>jam</span> <span class='ocrx_word' id='word_1_47' title='bbox 425 762 638 827; x_wconf 88' lang='lat' dir='ltr'>pridem</span> <span class='ocrx_word' id='word_1_48' title='bbox 682 769 908 826; x_wconf 91' lang='lat' dir='ltr'>recepta</span> <span class='ocrx_word' id='word_1_49' title='bbox 950 760 1139 826; x_wconf 86' lang='lat' dir='ltr'>populi</span> <span class='ocrx_word' id='word_1_50' title='bbox 1188 759 1428 810; x_wconf 89' lang='lat' dir='ltr'>Romani</span> <span class='ocrx_word' id='word_1_51' title='bbox 1475 759 1894 820; x_wconf 91' lang='lat' dir='ltr'>consuetudine,</span> 
     </span>
     <span class='ocr_line' id='line_1_9' title="bbox 104 846 1897 912; baseline -0.002 -13"><span class='ocrx_word' id='word_1_52' title='bbox 104 858 107 859; x_wconf 72' lang='grc'>’</span> <span class='ocrx_word' id='word_1_53' title='bbox 147 849 377 899; x_wconf 90' lang='lat' dir='ltr'>haberet</span> <span class='ocrx_word' id='word_1_54' title='bbox 418 848 790 897; x_wconf 89' lang='lat' dir='ltr'>instrumenta</span> <span class='ocrx_word' id='word_1_55' title='bbox 830 847 1113 897; x_wconf 88' lang='lat' dir='ltr'>servitutis</span> <span class='ocrx_word' id='word_1_56' title='bbox 1155 854 1210 897; x_wconf 91' lang='lat' dir='ltr'>et</span> <span class='ocrx_word' id='word_1_57' title='bbox 1257 863 1432 912; x_wconf 78' lang='lat' dir='ltr'>reges</span> <span class='ocrx_word' id='word_1_58' title='bbox 1516 846 1649 895; x_wconf 89' lang='lat' dir='ltr'>Mox</span> <span class='ocrx_word' id='word_1_59' title='bbox 1698 846 1897 896; x_wconf 85' lang='lat' dir='ltr'>Didius</span> 
     </span>
     <span class='ocr_line' id='line_1_10' title="bbox 148 932 1898 999; baseline -0.002 -14"><span class='ocrx_word' id='word_1_60' title='bbox 148 935 340 986; x_wconf 86' lang='lat' dir='ltr'>Gallus</span> <span class='ocrx_word' id='word_1_61' title='bbox 394 942 550 999; x_wconf 90' lang='lat' dir='ltr'>parta</span> <span class='ocrx_word' id='word_1_62' title='bbox 602 951 632 984; x_wconf 90' lang='lat' dir='ltr'>a</span> <span class='ocrx_word' id='word_1_63' title='bbox 684 933 957 999; x_wconf 85' lang='lat' dir='ltr'>prioribus</span> <span class='ocrx_word' id='word_1_64' title='bbox 1012 932 1302 994; x_wconf 82' lang='lat' dir='ltr'>continuit,</span> <span class='ocrx_word' id='word_1_65' title='bbox 1359 932 1547 998; x_wconf 85' lang='lat' dir='ltr'>paucis</span> <span class='ocrx_word' id='word_1_66' title='bbox 1601 933 1898 982; x_wconf 89' lang='lat' dir='ltr'>admodum</span> 
     </span>
     <span class='ocr_line' id='line_1_11' title="bbox 147 1016 1996 1085; baseline -0.004 -14"><span class='ocrx_word' id='word_1_67' title='bbox 147 1021 388 1072; x_wconf 86' lang='lat' dir='ltr'>castellis</span> <span class='ocrx_word' id='word_1_68' title='bbox 442 1020 498 1070; x_wconf 90' lang='lat' dir='ltr'>in</span> <span class='ocrx_word' id='word_1_69' title='bbox 551 1020 813 1070; x_wconf 83' lang='lat' dir='ltr'>ulteriora</span> <span class='ocrx_word' id='word_1_70' title='bbox 865 1019 1148 1084; x_wconf 86' lang='lat' dir='ltr'>promotis,</span> <span class='ocrx_word' id='word_1_71' title='bbox 1205 1036 1303 1084; x_wconf 89' lang='lat' dir='ltr'>per</span> <span class='ocrx_word' id='word_1_72' title='bbox 1355 1036 1494 1085; x_wconf 91' lang='lat' dir='ltr'>quae</span> <span class='ocrx_word' id='word_1_73' title='bbox 1545 1016 1693 1068; x_wconf 83' lang='lat' dir='ltr'>fama</span> <span class='ocrx_word' id='word_1_74' title='bbox 1750 1018 1897 1069; x_wconf 91' lang='lat' dir='ltr'>aucti</span> <span class='ocrx_word' id='word_1_75' title='bbox 1959 1045 1996 1066; x_wconf 84' lang='lat'>10</span> 
     </span>
     <span class='ocr_line' id='line_1_12' title="bbox 146 1105 1897 1172; baseline -0.001 -15"><span class='ocrx_word' id='word_1_76' title='bbox 146 1107 313 1157; x_wconf 86' lang='lat' dir='ltr'>officii</span> <span class='ocrx_word' id='word_1_77' title='bbox 365 1114 734 1172; x_wconf 87' lang='lat' dir='ltr'>quaereretur.</span> <span class='ocrx_word' id='word_1_78' title='bbox 831 1106 1059 1156; x_wconf 89' lang='lat' dir='ltr'>Didium</span> <span class='ocrx_word' id='word_1_79' title='bbox 1121 1105 1398 1155; x_wconf 89' lang='lat' dir='ltr'>Veranius</span> <span class='ocrx_word' id='word_1_80' title='bbox 1453 1105 1685 1170; x_wconf 77' lang='lat' dir='ltr'>excepit,</span> <span class='ocrx_word' id='word_1_81' title='bbox 1741 1105 1897 1170; x_wconf 91' lang='lat' dir='ltr'>isque</span> 
     </span>
     <span class='ocr_line' id='line_1_13' title="bbox 146 1192 1896 1243; baseline 0 0"><span class='ocrx_word' id='word_1_82' title='bbox 146 1193 292 1243; x_wconf 92' lang='lat' dir='ltr'>intra</span> <span class='ocrx_word' id='word_1_83' title='bbox 330 1210 537 1243; x_wconf 90' lang='lat' dir='ltr'>annum</span> <span class='ocrx_word' id='word_1_84' title='bbox 578 1193 887 1243; x_wconf 80' lang='lat' dir='ltr'>exstinctus</span> <span class='ocrx_word' id='word_1_85' title='bbox 929 1200 1028 1243; x_wconf 93' lang='lat' dir='ltr'>est.</span> <span class='ocrx_word' id='word_1_86' title='bbox 1113 1192 1416 1242; x_wconf 83' lang='lat' dir='ltr'>Suetonius</span> <span class='ocrx_word' id='word_1_87' title='bbox 1458 1192 1587 1242; x_wconf 89' lang='lat' dir='ltr'>hinc</span> <span class='ocrx_word' id='word_1_88' title='bbox 1637 1192 1896 1243; x_wconf 83' lang='lat' dir='ltr'>Paulinus</span> 
     </span>
     <span class='ocr_line' id='line_1_14' title="bbox 146 1278 1899 1344; baseline -0.001 -15"><span class='ocrx_word' id='word_1_89' title='bbox 146 1278 370 1330; x_wconf 89' lang='lat' dir='ltr'>biennio</span> <span class='ocrx_word' id='word_1_90' title='bbox 400 1295 692 1344; x_wconf 89' lang='lat' dir='ltr'>prosperas</span> <span class='ocrx_word' id='word_1_91' title='bbox 723 1295 809 1328; x_wconf 91' lang='lat' dir='ltr'>res</span> <span class='ocrx_word' id='word_1_92' title='bbox 840 1278 1046 1337; x_wconf 90' lang='lat' dir='ltr'>habuit,</span> <span class='ocrx_word' id='word_1_93' title='bbox 1080 1278 1324 1327; x_wconf 87' lang='lat' dir='ltr'>subactis</span> <span class='ocrx_word' id='word_1_94' title='bbox 1364 1278 1680 1327; x_wconf 89' lang='lat' dir='ltr'>nationibus</span> <span class='ocrx_word' id='word_1_95' title='bbox 1722 1278 1899 1328; x_wconf 86' lang='lat' dir='ltr'>firma-</span> 
     </span>
     <span class='ocr_line' id='line_1_15' title="bbox 145 1364 1898 1430; baseline -0.001 -15"><span class='ocrx_word' id='word_1_96' title='bbox 145 1365 327 1430; x_wconf 89' lang='lat' dir='ltr'>tisque</span> <span class='ocrx_word' id='word_1_97' title='bbox 368 1365 687 1429; x_wconf 88' lang='lat' dir='ltr'>praesidiis;</span> <span class='ocrx_word' id='word_1_98' title='bbox 729 1381 959 1430; x_wconf 90' lang='lat' dir='ltr'>quorum</span> <span class='ocrx_word' id='word_1_99' title='bbox 1004 1364 1205 1414; x_wconf 81' lang='lat' dir='ltr'>fiducia</span> <span class='ocrx_word' id='word_1_100' title='bbox 1259 1364 1487 1413; x_wconf 87' lang='lat' dir='ltr'>Monam</span> <span class='ocrx_word' id='word_1_101' title='bbox 1541 1364 1792 1423; x_wconf 88' lang='lat' dir='ltr'>insulam,</span> <span class='ocrx_word' id='word_1_102' title='bbox 1837 1371 1898 1414; x_wconf 92' lang='lat' dir='ltr'>ut</span> 
     </span>
     <span class='ocr_line' id='line_1_16' title="bbox 144 1450 1994 1516; baseline 0.002 -16"><span class='ocrx_word' id='word_1_103' title='bbox 144 1451 289 1501; x_wconf 86' lang='lat' dir='ltr'>vires</span> <span class='ocrx_word' id='word_1_104' title='bbox 343 1451 640 1501; x_wconf 87' lang='lat' dir='ltr'>rebellibus</span> <span class='ocrx_word' id='word_1_105' title='bbox 694 1450 1118 1509; x_wconf 83' lang='lat' dir='ltr'>ministrantem,</span> <span class='ocrx_word' id='word_1_106' title='bbox 1176 1467 1471 1516; x_wconf 77' lang='lat' dir='ltr'>aggressus</span> <span class='ocrx_word' id='word_1_107' title='bbox 1539 1458 1694 1516; x_wconf 90' lang='lat' dir='ltr'>terga</span> <span class='ocrx_word' id='word_1_108' title='bbox 1746 1467 1898 1500; x_wconf 91' lang='lat' dir='ltr'>occa·</span> <span class='ocrx_word' id='word_1_109' title='bbox 1956 1476 1994 1504; x_wconf 76' lang='lat'>15</span> 
     </span>
     <span class='ocr_line' id='line_1_17' title="bbox 142 1533 1898 1602; baseline 0.001 -17"><span class='ocrx_word' id='word_1_110' title='bbox 142 1536 285 1586; x_wconf 89' lang='lat' dir='ltr'>sioni</span> <span class='ocrx_word' id='word_1_111' title='bbox 342 1533 618 1601; x_wconf 74' lang='lat' dir='ltr'>patefecit.</span> <span class='ocrx_word' id='word_1_112' title='bbox 702 1551 792 1587; x_wconf 85' lang='lat' dir='ltr'>XV.</span> <span class='ocrx_word' id='word_1_113' title='bbox 865 1536 1120 1602; x_wconf 85' lang='lat' dir='ltr'>Namque</span> <span class='ocrx_word' id='word_1_114' title='bbox 1173 1536 1428 1586; x_wconf 89' lang='lat' dir='ltr'>absentia</span> <span class='ocrx_word' id='word_1_115' title='bbox 1473 1535 1642 1602; x_wconf 87' lang='lat' dir='ltr'>legati</span> <span class='ocrx_word' id='word_1_116' title='bbox 1684 1544 1898 1587; x_wconf 87' lang='lat' dir='ltr'>remoto</span> 
     </span>
     <span class='ocr_line' id='line_1_18' title="bbox 141 1606 1901 1688; baseline 0 -16"><span class='ocrx_word' id='word_1_117' title='bbox 141 1630 295 1672; x_wconf 86' lang='lat' dir='ltr'>metu</span> <span class='ocrx_word' id='word_1_118' title='bbox 352 1606 603 1671; x_wconf 77' lang='lat' dir='ltr'>Britanni</span> <span class='ocrx_word' id='word_1_119' title='bbox 644 1621 856 1688; x_wconf 73' lang='lat' dir='ltr'>agitare</span> <span class='ocrx_word' id='word_1_120' title='bbox 911 1621 1055 1671; x_wconf 89' lang='lat' dir='ltr'>inter</span> <span class='ocrx_word' id='word_1_121' title='bbox 1114 1639 1173 1671; x_wconf 89' lang='lat' dir='ltr'>se</span> <span class='ocrx_word' id='word_1_122' title='bbox 1227 1621 1368 1672; x_wconf 81' lang='lat' dir='ltr'>mala</span> <span class='ocrx_word' id='word_1_123' title='bbox 1422 1622 1724 1688; x_wconf 76' lang='lat' dir='ltr'>servitutis,</span> <span class='ocrx_word' id='word_1_124' title='bbox 1776 1639 1901 1673; x_wconf 90' lang='lat' dir='ltr'>con-</span> 
     </span>
     <span class='ocr_line' id='line_1_19' title="bbox 140 1706 1899 1774; baseline -0.001 -15"><span class='ocrx_word' id='word_1_125' title='bbox 140 1706 286 1759; x_wconf 78' lang='lat' dir='ltr'>ferre</span> <span class='ocrx_word' id='word_1_126' title='bbox 316 1707 545 1773; x_wconf 86' lang='lat' dir='ltr'>injurias</span> <span class='ocrx_word' id='word_1_127' title='bbox 577 1716 634 1758; x_wconf 78' lang='lat' dir='ltr'>et</span> <span class='ocrx_word' id='word_1_128' title='bbox 660 1708 1079 1773; x_wconf 87' lang='lat' dir='ltr'>interpretando</span> <span class='ocrx_word' id='word_1_129' title='bbox 1118 1708 1438 1759; x_wconf 84' lang='lat' dir='ltr'>accendere.</span> <span class='ocrx_word' id='word_1_130' title='bbox 1522 1708 1676 1758; x_wconf 89' lang='lat' dir='ltr'>Nihil</span> <span class='ocrx_word' id='word_1_131' title='bbox 1706 1709 1899 1774; x_wconf 84' lang='lat' dir='ltr'>profici</span> 
     </span>
     <span class='ocr_line' id='line_1_20' title="bbox 118 1792 1900 1860; baseline 0 -16"><span class='ocrx_word' id='word_1_132' title='bbox 118 1795 427 1860; x_wconf 68' lang='lat' dir='ltr'>epatientia,</span> <span class='ocrx_word' id='word_1_133' title='bbox 461 1794 566 1844; x_wconf 88' lang='lat' dir='ltr'>nisi</span> <span class='ocrx_word' id='word_1_134' title='bbox 606 1802 666 1844; x_wconf 93' lang='lat' dir='ltr'>ut</span> <span class='ocrx_word' id='word_1_135' title='bbox 706 1794 959 1860; x_wconf 78' lang='lat' dir='ltr'>graviora</span> <span class='ocrx_word' id='word_1_136' title='bbox 998 1803 1279 1860; x_wconf 82' lang='lat' dir='ltr'>tamquam</span> <span class='ocrx_word' id='word_1_137' title='bbox 1322 1812 1388 1844; x_wconf 78' lang='lat' dir='ltr'>ex</span> <span class='ocrx_word' id='word_1_138' title='bbox 1428 1792 1576 1845; x_wconf 74' lang='lat' dir='ltr'>facili</span> <span class='ocrx_word' id='word_1_139' title='bbox 1618 1795 1900 1845; x_wconf 84' lang='lat' dir='ltr'>toleranti-</span> 
     </span>
     <span class='ocr_line' id='line_1_21' title="bbox 141 1879 2000 1947; baseline 0 -15"><span class='ocrx_word' id='word_1_140' title='bbox 141 1881 244 1932; x_wconf 91' lang='lat' dir='ltr'>bus</span> <span class='ocrx_word' id='word_1_141' title='bbox 274 1881 630 1946; x_wconf 87' lang='lat' dir='ltr'>imperentur.</span> <span class='ocrx_word' id='word_1_142' title='bbox 716 1880 980 1947; x_wconf 81' lang='lat' dir='ltr'>Singulos</span> <span class='ocrx_word' id='word_1_143' title='bbox 1022 1880 1128 1930; x_wconf 83' lang='lat' dir='ltr'>sibi</span> <span class='ocrx_word' id='word_1_144' title='bbox 1169 1881 1297 1931; x_wconf 79' lang='lat' dir='ltr'>olim</span> <span class='ocrx_word' id='word_1_145' title='bbox 1328 1898 1488 1947; x_wconf 86' lang='lat' dir='ltr'>reges</span> <span class='ocrx_word' id='word_1_146' title='bbox 1529 1879 1718 1943; x_wconf 69' lang='lat' dir='ltr'>fuisse,</span> <span class='ocrx_word' id='word_1_147' title='bbox 1751 1899 1899 1933; x_wconf 86' lang='lat' dir='ltr'>nunc</span> <span class='ocrx_word' id='word_1_148' title='bbox 1959 1907 2000 1927; x_wconf 87' lang='lat'>20</span> 
     </span>
     <span class='ocr_line' id='line_1_22' title="bbox 142 1963 1900 2035; baseline 0.001 -18"><span class='ocrx_word' id='word_1_149' title='bbox 142 1967 302 2017; x_wconf 90' lang='lat' dir='ltr'>binos</span> <span class='ocrx_word' id='word_1_150' title='bbox 357 1967 580 2032; x_wconf 90' lang='lat' dir='ltr'>imponi,</span> <span class='ocrx_word' id='word_1_151' title='bbox 637 1984 665 2017; x_wconf 94' lang='lat' dir='ltr'>e</span> <span class='ocrx_word' id='word_1_152' title='bbox 719 1967 918 2034; x_wconf 85' lang='lat' dir='ltr'>quibus</span> <span class='ocrx_word' id='word_1_153' title='bbox 983 1967 1200 2034; x_wconf 85' lang='lat' dir='ltr'>legatus</span> <span class='ocrx_word' id='word_1_154' title='bbox 1266 1963 1321 2017; x_wconf 77' lang='lat' dir='ltr'>in</span> <span class='ocrx_word' id='word_1_155' title='bbox 1382 1968 1726 2034; x_wconf 86' lang='lat' dir='ltr'>sanguinem,</span> <span class='ocrx_word' id='word_1_156' title='bbox 1781 1986 1900 2035; x_wconf 90' lang='lat' dir='ltr'>pro-</span> 
     </span>
     <span class='ocr_line' id='line_1_23' title="bbox 143 2054 1899 2122; baseline 0.002 -19"><span class='ocrx_word' id='word_1_157' title='bbox 143 2062 364 2104; x_wconf 87' lang='lat' dir='ltr'>curator</span> <span class='ocrx_word' id='word_1_158' title='bbox 411 2054 467 2104; x_wconf 83' lang='lat' dir='ltr'>in</span> <span class='ocrx_word' id='word_1_159' title='bbox 513 2054 660 2105; x_wconf 88' lang='lat' dir='ltr'>bona</span> <span class='ocrx_word' id='word_1_160' title='bbox 707 2055 960 2107; x_wconf 79' lang='lat' dir='ltr'>saeviret.</span> <span class='ocrx_word' id='word_1_161' title='bbox 1041 2054 1243 2121; x_wconf 74' lang='lat' dir='ltr'>Aeque</span> <span class='ocrx_word' id='word_1_162' title='bbox 1290 2055 1621 2117; x_wconf 86' lang='lat' dir='ltr'>discordiam</span> <span class='ocrx_word' id='word_1_163' title='bbox 1676 2073 1899 2122; x_wconf 85' lang='lat' dir='ltr'>praepo-</span> 
     </span>
     <span class='ocr_line' id='line_1_24' title="bbox 142 2140 1896 2207; baseline 0.002 -18"><span class='ocrx_word' id='word_1_164' title='bbox 142 2140 388 2202; x_wconf 86' lang='lat' dir='ltr'>sitorum,</span> <span class='ocrx_word' id='word_1_165' title='bbox 419 2158 592 2206; x_wconf 89' lang='lat' dir='ltr'>aeque</span> <span class='ocrx_word' id='word_1_166' title='bbox 621 2142 976 2193; x_wconf 76' lang='lat' dir='ltr'>concordiam</span> <span class='ocrx_word' id='word_1_167' title='bbox 1006 2142 1275 2207; x_wconf 85' lang='lat' dir='ltr'>subjectis</span> <span class='ocrx_word' id='word_1_168' title='bbox 1306 2142 1594 2192; x_wconf 77' lang='lat' dir='ltr'>exitiosam</span> <span class='ocrx_word' id='word_1_169' title='bbox 1619 2160 1628 2204; x_wconf 87' lang='lat'><strong>;</strong></span> <span class='ocrx_word' id='word_1_170' title='bbox 1671 2143 1896 2193; x_wconf 84' lang='lat' dir='ltr'>alterius</span> 
     </span>
     <span class='ocr_line' id='line_1_25' title="bbox 142 2227 1896 2289; baseline 0.002 -14"><span class='ocrx_word' id='word_1_171' title='bbox 142 2243 382 2288; x_wconf 86' lang='lat' dir='ltr'>manum,</span> <span class='ocrx_word' id='word_1_172' title='bbox 414 2227 786 2289; x_wconf 80' lang='lat' dir='ltr'>centuriones,</span> <span class='ocrx_word' id='word_1_173' title='bbox 818 2228 1046 2279; x_wconf 89' lang='lat' dir='ltr'>alterius</span> <span class='ocrx_word' id='word_1_174' title='bbox 1076 2245 1265 2281; x_wconf 76' lang='lat' dir='ltr'>servos</span> <span class='ocrx_word' id='word_1_175' title='bbox 1293 2228 1404 2278; x_wconf 79' lang='lat' dir='ltr'>vim</span> <span class='ocrx_word' id='word_1_176' title='bbox 1439 2235 1493 2278; x_wconf 90' lang='lat' dir='ltr'>et</span> <span class='ocrx_word' id='word_1_177' title='bbox 1529 2229 1896 2279; x_wconf 81' lang='lat' dir='ltr'>contumelias</span> 
     </span>
     <span class='ocr_line' id='line_1_26' title="bbox 142 2313 1974 2381; baseline 0.003 -19"><span class='ocrx_word' id='word_1_178' title='bbox 142 2313 389 2364; x_wconf 89' lang='lat' dir='ltr'>miscere.</span> <span class='ocrx_word' id='word_1_179' title='bbox 473 2314 628 2363; x_wconf 85' lang='lat' dir='ltr'>Nihil</span> <span class='ocrx_word' id='word_1_180' title='bbox 667 2314 778 2380; x_wconf 86' lang='lat' dir='ltr'>jam</span> <span class='ocrx_word' id='word_1_181' title='bbox 821 2315 1127 2381; x_wconf 84' lang='lat' dir='ltr'>cupiditati,</span> <span class='ocrx_word' id='word_1_182' title='bbox 1159 2314 1295 2364; x_wconf 81' lang='lat' dir='ltr'>nihil</span> <span class='ocrx_word' id='word_1_183' title='bbox 1333 2315 1546 2365; x_wconf 86' lang='lat' dir='ltr'>libidini</span> <span class='ocrx_word' id='word_1_184' title='bbox 1583 2324 1892 2380; x_wconf 84' lang='lat' dir='ltr'>exceptum.</span> <span class='ocrx_word' id='word_1_185' title='bbox 1957 2340 1974 2358; x_wconf 80' lang='lat'><em>2</em></span> 
     </span>
     <span class='ocr_line' id='line_1_27' title="bbox 144 2397 1894 2468; baseline 0.002 -20"><span class='ocrx_word' id='word_1_186' title='bbox 144 2399 209 2449; x_wconf 90' lang='lat' dir='ltr'>In</span> <span class='ocrx_word' id='word_1_187' title='bbox 239 2400 445 2464; x_wconf 90' lang='lat' dir='ltr'>proelio</span> <span class='ocrx_word' id='word_1_188' title='bbox 483 2397 768 2452; x_wconf 77' lang='lat' dir='ltr'>fortiorem</span> <span class='ocrx_word' id='word_1_189' title='bbox 810 2418 949 2462; x_wconf 81' lang='lat' dir='ltr'>esse,</span> <span class='ocrx_word' id='word_1_190' title='bbox 983 2401 1074 2467; x_wconf 87' lang='lat' dir='ltr'>qui</span> <span class='ocrx_word' id='word_1_191' title='bbox 1114 2401 1345 2467; x_wconf 79' lang='lat' dir='ltr'>spoliet3</span> <span class='ocrx_word' id='word_1_192' title='bbox 1387 2419 1533 2452; x_wconf 91' lang='lat' dir='ltr'>nunc</span> <span class='ocrx_word' id='word_1_193' title='bbox 1573 2402 1640 2452; x_wconf 89' lang='lat' dir='ltr'>ab</span> <span class='ocrx_word' id='word_1_194' title='bbox 1682 2402 1894 2468; x_wconf 70' lang='lat' dir='ltr'>ignavis</span> 
     </span>
     <span class='ocr_line' id='line_1_28' title="bbox 142 2486 1890 2553; baseline 0.002 -18"><span class='ocrx_word' id='word_1_195' title='bbox 142 2486 467 2552; x_wconf 85' lang='lat' dir='ltr'>plerumque</span> <span class='ocrx_word' id='word_1_196' title='bbox 509 2494 563 2536; x_wconf 90' lang='lat' dir='ltr'>et</span> <span class='ocrx_word' id='word_1_197' title='bbox 607 2486 922 2537; x_wconf 77' lang='lat' dir='ltr'>imbellibus</span> <span class='ocrx_word' id='word_1_198' title='bbox 964 2487 1101 2553; x_wconf 86' lang='lat' dir='ltr'>eripi</span> <span class='ocrx_word' id='word_1_199' title='bbox 1142 2488 1350 2548; x_wconf 88' lang='lat' dir='ltr'>domos,</span> <span class='ocrx_word' id='word_1_200' title='bbox 1383 2487 1631 2538; x_wconf 83' lang='lat' dir='ltr'>abstrahi</span> <span class='ocrx_word' id='word_1_201' title='bbox 1672 2488 1890 2550; x_wconf 87' lang='lat' dir='ltr'>liberos,</span> 
     </span>
     <span class='ocr_line' id='line_1_29' title="bbox 142 2571 1895 2641; baseline 0.003 -21"><span class='ocrx_word' id='word_1_202' title='bbox 142 2571 359 2638; x_wconf 88' lang='lat' dir='ltr'>injungi</span> <span class='ocrx_word' id='word_1_203' title='bbox 412 2572 681 2635; x_wconf 87' lang='lat' dir='ltr'>delectus,</span> <span class='ocrx_word' id='word_1_204' title='bbox 731 2582 1013 2640; x_wconf 86' lang='lat' dir='ltr'>tamquam</span> <span class='ocrx_word' id='word_1_205' title='bbox 1078 2573 1219 2624; x_wconf 88' lang='lat' dir='ltr'>mori</span> <span class='ocrx_word' id='word_1_206' title='bbox 1281 2582 1501 2624; x_wconf 89' lang='lat' dir='ltr'>tantum</span> <span class='ocrx_word' id='word_1_207' title='bbox 1565 2592 1663 2640; x_wconf 87' lang='lat' dir='ltr'>pro</span> <span class='ocrx_word' id='word_1_208' title='bbox 1717 2576 1895 2641; x_wconf 87' lang='lat' dir='ltr'>patria</span> 
     </span>
     <span class='ocr_line' id='line_1_30' title="bbox 143 2658 1892 2725; baseline 0.002 -18"><span class='ocrx_word' id='word_1_209' title='bbox 143 2658 539 2710; x_wconf 90' lang='lat' dir='ltr'>nescientibus.</span> <span class='ocrx_word' id='word_1_210' title='bbox 624 2659 970 2725; x_wconf 72' lang='lat' dir='ltr'>Quantulum</span> <span class='ocrx_word' id='word_1_211' title='bbox 1023 2660 1172 2711; x_wconf 89' lang='lat' dir='ltr'>enim</span> <span class='ocrx_word' id='word_1_212' title='bbox 1225 2661 1496 2711; x_wconf 89' lang='lat' dir='ltr'>transisse</span> <span class='ocrx_word' id='word_1_213' title='bbox 1545 2661 1800 2724; x_wconf 88' lang='lat' dir='ltr'>militum,</span> <span class='ocrx_word' id='word_1_214' title='bbox 1847 2661 1892 2712; x_wconf 91' lang='lat' dir='ltr'>si</span> 
     </span>
     <span class='ocr_line' id='line_1_31' title="bbox 143 2744 1992 2801; baseline 0.004 -8"><span class='ocrx_word' id='word_1_215' title='bbox 143 2760 266 2794; x_wconf 89' lang='lat' dir='ltr'>sese</span> <span class='ocrx_word' id='word_1_216' title='bbox 313 2744 567 2794; x_wconf 89' lang='lat' dir='ltr'>Britanni</span> <span class='ocrx_word' id='word_1_217' title='bbox 621 2749 958 2798; x_wconf 90' lang='lat' dir='ltr'>numerent?</span> <span class='ocrx_word' id='word_1_218' title='bbox 1050 2746 1143 2797; x_wconf 82' lang='lat' dir='ltr'>Sic</span> <span class='ocrx_word' id='word_1_219' title='bbox 1199 2746 1524 2797; x_wconf 85' lang='lat' dir='ltr'>Germanias</span> <span class='ocrx_word' id='word_1_220' title='bbox 1579 2749 1893 2800; x_wconf 78' lang='lat' dir='ltr'>excussisse</span> <span class='ocrx_word' id='word_1_221' title='bbox 1953 2774 1992 2801; x_wconf 77' lang='lat'>30</span> 
     </span>
     <span class='ocr_line' id='line_1_32' title="bbox 151 2817 1888 2899; baseline 0.003 -21"><span class='ocrx_word' id='word_1_222' title='bbox 151 2828 360 2895; x_wconf 85' lang='lat' dir='ltr'>jugum,</span> <span class='ocrx_word' id='word_1_223' title='bbox 392 2839 447 2880; x_wconf 94' lang='lat' dir='ltr'>et</span> <span class='ocrx_word' id='word_1_224' title='bbox 491 2831 734 2894; x_wconf 90' lang='lat' dir='ltr'>flumine,</span> <span class='ocrx_word' id='word_1_225' title='bbox 766 2849 877 2882; x_wconf 90' lang='lat' dir='ltr'>non</span> <span class='ocrx_word' id='word_1_226' title='bbox 913 2832 1157 2895; x_wconf 85' lang='lat' dir='ltr'>Oceano,</span> <span class='ocrx_word' id='word_1_227' title='bbox 1188 2817 1595 2895; x_wconf 61' lang='lat' dir='ltr'>defendiA‘sibi</span> <span class='ocrx_word' id='word_1_228' title='bbox 1638 2834 1888 2899; x_wconf 89' lang='lat' dir='ltr'>patriam,</span> 
     </span>
     <span class='ocr_line' id='line_1_33' title="bbox 141 2914 1889 2982; baseline 0.003 -17"><span class='ocrx_word' id='word_1_229' title='bbox 141 2914 424 2981; x_wconf 67' lang='lat' dir='ltr'>conjuges,</span> <span class='ocrx_word' id='word_1_230' title='bbox 467 2926 744 2982; x_wconf 88' lang='lat' dir='ltr'>parentes,</span> <span class='ocrx_word' id='word_1_231' title='bbox 789 2918 895 2968; x_wconf 90' lang='lat' dir='ltr'>illis</span> <span class='ocrx_word' id='word_1_232' title='bbox 943 2919 1224 2969; x_wconf 85' lang='lat' dir='ltr'>avaritiam</span> <span class='ocrx_word' id='word_1_233' title='bbox 1275 2927 1329 2969; x_wconf 93' lang='lat' dir='ltr'>et</span> <span class='ocrx_word' id='word_1_234' title='bbox 1373 2919 1642 2970; x_wconf 81' lang='lat' dir='ltr'>luxuriam</span> <span class='ocrx_word' id='word_1_235' title='bbox 1697 2938 1889 2971; x_wconf 84' lang='lat' dir='ltr'>causas</span> 
     </span>
     <span class='ocr_line' id='line_1_34' title="bbox 140 2999 1885 3070; baseline 0.004 -20"><span class='ocrx_word' id='word_1_236' title='bbox 140 2999 270 3050; x_wconf 88' lang='lat' dir='ltr'>belli</span> <span class='ocrx_word' id='word_1_237' title='bbox 323 3018 460 3054; x_wconf 87' lang='lat' dir='ltr'>esse.</span> <span class='ocrx_word' id='word_1_238' title='bbox 558 3004 918 3066; x_wconf 81' lang='lat' dir='ltr'>RecessurOS‚</span> <span class='ocrx_word' id='word_1_239' title='bbox 976 3013 1036 3055; x_wconf 90' lang='lat' dir='ltr'>ut</span> <span class='ocrx_word' id='word_1_240' title='bbox 1088 3006 1246 3055; x_wconf 74' lang='lat' dir='ltr'>divus</span> <span class='ocrx_word' id='word_1_241' title='bbox 1311 3005 1490 3070; x_wconf 87' lang='lat' dir='ltr'>Julius</span> <span class='ocrx_word' id='word_1_242' title='bbox 1545 3007 1885 3068; x_wconf 82' lang='lat' dir='ltr'>recessisset,</span> 
     </span>
     <span class='ocr_line' id='line_1_35' title="bbox 139 3087 1889 3155; baseline 0.005 -19"><span class='ocrx_word' id='word_1_243' title='bbox 139 3087 301 3137; x_wconf 92' lang='lat' dir='ltr'>modo</span> <span class='ocrx_word' id='word_1_244' title='bbox 348 3087 583 3153; x_wconf 87' lang='lat' dir='ltr'>virtutes</span> <span class='ocrx_word' id='word_1_245' title='bbox 631 3089 901 3155; x_wconf 89' lang='lat' dir='ltr'>majorum</span> <span class='ocrx_word' id='word_1_246' title='bbox 950 3108 1172 3141; x_wconf 85' lang='lat' dir='ltr'>suorum</span> <span class='ocrx_word' id='word_1_247' title='bbox 1226 3092 1647 3144; x_wconf 82' lang='lat' dir='ltr'>aemularentur.</span> <span class='ocrx_word' id='word_1_248' title='bbox 1732 3093 1889 3144; x_wconf 66' lang='lat' dir='ltr'>Neve</span> 
     </span>
     <span class='ocr_line' id='line_1_36' title="bbox 138 3172 1986 3245; baseline 0.006 -24"><span class='ocrx_word' id='word_1_249' title='bbox 138 3172 332 3237; x_wconf 90' lang='lat' dir='ltr'>proelii</span> <span class='ocrx_word' id='word_1_250' title='bbox 397 3174 558 3225; x_wconf 92' lang='lat' dir='ltr'>unius</span> <span class='ocrx_word' id='word_1_251' title='bbox 611 3183 705 3225; x_wconf 89' lang='lat' dir='ltr'>aut</span> <span class='ocrx_word' id='word_1_252' title='bbox 758 3175 985 3226; x_wconf 93' lang='lat' dir='ltr'>alterius</span> <span class='ocrx_word' id='word_1_253' title='bbox 1040 3186 1244 3227; x_wconf 83' lang='lat' dir='ltr'>eventu</span> <span class='ocrx_word' id='word_1_254' title='bbox 1297 3186 1699 3243; x_wconf 76' lang='lat' dir='ltr'>pavescerent3</span> <span class='ocrx_word' id='word_1_255' title='bbox 1764 3179 1887 3245; x_wconf 85' lang='lat' dir='ltr'>plus</span> <span class='ocrx_word' id='word_1_256' title='bbox 1949 3206 1986 3233; x_wconf 67' lang='grc' dir='ltr'>ε,</span> 
     </span>
    </p>
   </div>
  </div>
 </body>
</html>
