2179 3423
163 1071 200 1090 10

170 1944 210 1964 20

183 3236 222 3265 35

271 117 289 152 1
301 117 335 153 Ο
801 104 851 154 T
844 104 911 155 lae
948 105 1081 171 Life
1118 106 1185 172 of
1212 105 1489 172 Agricola.

262 268 521 334 impetus,
578 270 842 336 majorem
911 272 1283 322 constantiam
1349 290 1520 338 penes
1587 275 1817 326 miseros
1873 294 2009 329 esse.

230 355 384 424 ,Jam
436 356 827 406 Britannorum
877 357 1043 407 etiam
1092 358 1225 407 deos
1266 358 1530 419 misereri,
1563 360 1653 425 qui
1699 361 2012 411 Romanum

261 442 458 492 ducem
488 443 795 503 absentem,
828 443 918 508 qui
948 443 1253 508 relegatum
1287 444 1340 492 in
1370 444 1474 494 alia
1502 445 1682 495 insula
1711 447 2012 497 exercitum

261 529 578 578 detinerent
608 547 616 589 ;
659 528 768 594 jam
802 529 966 593 ipsos,
999 530 1143 594 quod
1179 529 1560 579 difficillimum
1601 529 1781 592 fuerit,
1814 533 2015 583 delibe-

259 632 393 666 rare.
477 615 643 664 Porro
674 615 727 663 in
760 614 1032 680 ejusmodi
1075 614 1320 665 consiliis
1363 615 1724 680 periculosius
1767 634 1890 668 esse
1927 620 2015 669 de-

258 701 542 766 prehendi,
575 717 734 766 quam
776 701 992 751 audere.
1928 704 1931 708 ’

327 803 440 838 XVI.
502 787 609 836 His
662 794 828 852 atque
873 786 1075 835 talibus
1121 785 1359 836 invicem
1405 785 1671 847 instincti,
1727 785 2002 837 Boadicea

255 873 478 941 generis
520 873 656 939 regii
700 870 909 923 femina
967 873 1107 922 duce
1155 874 1355 938 (neque
1397 872 1543 922 enim
1587 889 1776 923 sexum
1819 874 1873 922 in
1916 873 2011 922 im-

255 961 422 1028 periis
452 960 796 1021 discernunt)
826 975 1113 1023 sumpsere
1143 959 1386 1009 universi
1416 959 1619 1009 bellum
1645 977 1654 1020 ;
1695 977 1756 1010 ac
1788 976 2009 1025 sparsos

256 1065 356 1114 per
402 1046 629 1098 castella
682 1045 887 1095 milites
942 1045 1265 1105 consectati,
1318 1046 1648 1111 expugnatis
1702 1046 2006 1111 praesidiis,

258 1134 432 1200 ipsam
487 1133 760 1183 coloniam
815 1132 1069 1182 invasere
1125 1140 1182 1181 ut
1238 1132 1427 1181 sedem
1483 1133 1780 1183 servitutis.
1889 1133 2010 1183 Nec

258 1220 429 1271 ullum
460 1220 514 1269 in
544 1219 788 1269 barbaris
831 1218 1092 1268 saevitiae
1132 1235 1310 1284 genus
1351 1218 1535 1267 omisit
1570 1218 1648 1268 ira
1677 1227 1730 1268 et
1766 1218 2006 1269 victoria.

262 1307 427 1373 Quod
469 1306 573 1356 nisi
619 1305 893 1363 Paulinus,
939 1305 1164 1370 cognito
1206 1304 1523 1370 provinciae
1565 1313 1732 1363 motu,
1778 1321 2012 1370 propere

261 1393 630 1452 subvenisset,
663 1392 865 1442 amissa
896 1391 1182 1441 Britannia
1208 1389 1384 1451 foret;
1427 1409 1587 1457 quam
1619 1391 1781 1441 unius
1819 1391 2012 1456 proelii

259 1478 486 1531 fortuna
512 1479 688 1529 veteri
726 1478 1029 1544 patientiae
1067 1478 1325 1534 restituit,
1359 1478 1681 1528 tenentibus
1720 1495 1869 1528 arma
1905 1479 2014 1543 ple-

262 1567 462 1633 risque,
495 1583 631 1632 quos
662 1565 1007 1616 conscientia
1034 1563 1366 1615 defectionis
1397 1572 1450 1614 et
1480 1565 1704 1630 propius
1735 1582 1800 1615 ex
1829 1565 2012 1631 legato

263 1654 430 1705 timor
475 1653 734 1719 agitabat,
792 1669 863 1702 ne
929 1668 1259 1718 quamquam
1314 1651 1572 1716 egregius
1627 1659 1812 1701 cetera
1875 1668 2016 1701 arro-

263 1749 462 1808 ganter
507 1740 563 1789 in
608 1739 825 1789 deditos
874 1746 943 1799 et,
991 1746 1050 1788 ut
1091 1755 1222 1788 suae
1267 1738 1536 1803 cujusque
1580 1737 1814 1803 injuriae
1853 1739 2011 1798 ultor,

264 1828 455 1879 durius
485 1826 814 1877 consuleret.
902 1825 1110 1875 Missus
1141 1825 1309 1890 igitur
1340 1824 1629 1874 Petronius
1660 1824 2015 1889 Turpilianus

265 1923 544 1981 tamquam
587 1912 944 1973 exorabilior;
988 1919 1042 1962 et
1082 1911 1298 1961 delictis
1339 1911 1581 1960 hostium
1624 1927 1800 1960 novus
1841 1927 2017 1976 eoque

266 2000 645 2069 paenitentiae
705 1999 903 2058 mitior,
962 1997 1285 2063 compositis
1342 1997 1614 2062 prioribus
1687 1997 1822 2046 nihil
1877 1997 2019 2047 ultra

267 2105 433 2140 ausus
467 2085 747 2138 Trebellio
794 2084 1037 2134 Maximo
1076 2083 1414 2149 provinciam
1457 2083 1694 2134 tradidit.
1795 2083 2020 2133 Trebel-

268 2175 373 2226 lius
416 2173 639 2240 segnior
680 2180 735 2223 et
774 2171 939 2221 nullis
978 2179 1283 2221 castrorum
1320 2169 1715 2235 experimentis
1758 2170 2019 2220 comitate

269 2261 503 2329 quadam
546 2258 773 2310 curandi
813 2257 1152 2324 provinciam
1195 2256 1388 2306 tenuit.
1473 2256 1733 2306 Didicere
1765 2255 1876 2322 jam
1906 2256 2022 2306 bar-

269 2348 385 2400 bari
409 2363 626 2413 quoque
656 2345 947 2411 ignoscere
971 2343 1119 2393 vitiis
1143 2342 1571 2401 blandientibus
1595 2350 1649 2392 et
1673 2342 2020 2392 interventus

271 2434 512 2487 civilium
569 2449 844 2482 armorum
906 2430 1159 2496 praebuit
1216 2429 1422 2495 justam
1477 2429 1749 2495 segnitiae
1803 2446 2024 2479 excusa-

272 2521 496 2572 tionem.
581 2519 691 2570 Sed
732 2517 1007 2568 discordia
1044 2517 1369 2575 laboratum,
1403 2532 1526 2565 cum
1568 2523 1824 2565 assuetus
1866 2531 2024 2580 expe-

273 2607 576 2658 ditionibus
631 2605 789 2654 miles
844 2604 956 2654 otio
1014 2602 1310 2653 lasciviret.
1413 2601 1725 2651 Trebellius
1777 2599 1910 2667 suga
1961 2618 2023 2651 ae

273 2693 499 2745 latebris
540 2692 713 2742 vitata
761 2690 1037 2741 exercitus
1086 2689 1178 2749 ira,
1230 2689 1524 2738 indecorus
1572 2695 1736 2754 atque
1783 2687 2060 2747 humilisf
2108 2681 2112 2684 ⁵

274 2780 519 2847 precario
549 2795 675 2828 mox
704 2775 953 2843 praefuit,
977 2793 1038 2826 ac
1061 2775 1213 2825 velut
1242 2774 1403 2840 pacti,
1427 2774 1702 2824 exercitus
1725 2773 2022 2834 licentiam,

275 2868 384 2918 dux
414 2866 681 2925 salutem;
723 2871 777 2914 et
808 2862 1005 2913 seditio
1037 2862 1156 2911 sine
1187 2861 1458 2926 sanguine
1493 2860 1662 2910 stetit.
1747 2860 1866 2909 Nec
1895 2859 2028 2909 Vet-

276 2954 386 3004 tius
417 2952 676 3010 Bolanus,
708 2949 1065 2999 manentibus
1095 2948 1273 2997 adhuc
1309 2946 1561 2997 civilibus
1591 2945 1765 3004 bellis,
1798 2945 2027 3011 agitavit

278 3039 622 3090 Britanniam
645 3036 967 3102 disciplina:
997 3034 1189 3085 eadem
1219 3033 1418 3083 inertia
1446 3049 1578 3099 erga
1605 3033 1810 3092 hosteS,
1834 3030 2028 3081 similis

277 3124 587 3193 petulantia
631 3130 970 3183 castrorum;
1029 3120 1134 3170 nisi
1182 3120 1328 3187 quod
1375 3119 1645 3169 innocens
1688 3118 1931 3168 Bolanus
1973 3125 2028 3167 ct

280 3212 444 3262 nullis
483 3210 699 3262 delictis
738 3209 949 3259 invisus
998 3207 1283 3258 caritatem
1320 3213 1607 3272 paraverat
1639 3204 1762 3255 loco
1799 3202 2029 3254 auctori-

281 3299 426 3349 tatis.
