2179 3423
548 97 806 167 Agricola
844 97 1119 148 Governor
1151 97 1216 163 of
1243 95 1479 146 Britain.
1824 111 1842 146 1
1861 111 1879 146 1

207 275 345 310 Xvn.
406 257 532 318 Sed,
570 257 663 307 ubi
703 273 827 308 cum
869 263 1056 307 cetero
1096 255 1228 305 orbe
1257 254 1638 319 Vespasianus
1679 261 1733 303 et
1775 254 1888 303 Bri-

135 345 382 397 tanniam
440 342 801 408 recuperavit,
857 341 1043 408 magni
1095 342 1280 402 duceS,
1331 340 1539 406 egregii
1593 340 1882 400 exercituS,

135 432 348 482 minuta
388 430 631 480 hostium
672 446 814 494 spes,
899 429 972 478 Et
1012 436 1279 478 terrorem
1315 427 1502 476 statim
1533 427 1718 476 intulit
1751 426 1887 476 Peti-

134 518 240 568 lius
276 517 520 574 Cerialis‚
555 515 883 582 Brigantum
926 514 1221 573 civitatem,
1254 530 1392 579 quae
1434 512 1888 563 numerosissima

134 604 450 670 provinciae
480 602 650 653 totius
682 601 1019 667 perhibetur,
1052 617 1364 666 aggressus.
1448 599 1627 649 Multa
1662 599 1882 664 proelia,

135 699 191 741 et
237 690 529 755 aliquando
583 706 694 738 non
749 688 1076 747 incruenta;
1135 703 1504 752 magnamque
1559 686 1885 751 Brigantum

134 785 346 843 partem
377 784 469 826 aut
497 775 728 826 victoria
755 774 1042 839 amplexus
1072 781 1156 823 est
1186 782 1278 822 aut
1308 772 1466 823 bello.
1552 773 1623 822 Et
1656 772 1886 822 Cerialis

135 863 355 929 quidem
385 862 610 912 alterius
641 860 979 911 successoris
1008 876 1193 910 curam
1233 857 1547 924 famamque
1577 858 1885 920 obruisset3

132 949 305 999 subiit
345 948 719 1014 sustinuitque
766 947 967 997 molem
1015 946 1195 1011 Julius
1247 945 1569 1005 Frontinus,
1614 945 1696 994 vir
1742 962 1888 1012 mag-

134 1053 254 1096 nus,
286 1043 553 1102 quantum
590 1034 806 1093 licebat,
838 1033 1186 1098 validamque
1216 1040 1270 1082 et
1300 1049 1610 1098 pugnacem
1643 1031 1884 1082 Silurum

134 1130 360 1188 gentem
391 1121 555 1171 armis
585 1121 820 1187 subegit,
854 1137 1021 1186 super
1054 1120 1317 1170 virtutem
1348 1119 1592 1169 hostium
1639 1119 1885 1169 locorum

134 1225 351 1276 quoque
381 1208 735 1258 difficultates
766 1208 1055 1258 eluctatus.

205 1311 366 1347 va.
427 1296 596 1345 Hunc
643 1294 963 1345 Britanniae
1008 1301 1230 1355 statum,
1278 1293 1376 1343 has
1420 1292 1688 1343 bellorum
1735 1292 1885 1344 vices

133 1384 315 1433 media
357 1383 467 1448 jam
512 1389 725 1432 aestate
765 1390 1148 1448 transgressus
1188 1380 1456 1447 Agricola
1495 1380 1722 1439 invenit,
1761 1397 1885 1430 cum

134 1478 189 1520 et
227 1469 429 1519 milites
476 1468 629 1519 velut
669 1468 874 1519 omissa
913 1467 1267 1533 expeditione
1319 1468 1386 1517 ad
1429 1467 1780 1517 securitatem
1831 1474 1886 1517 et

133 1557 325 1607 hostes
366 1556 433 1606 ad
473 1555 823 1606 occasionem
853 1562 1220 1605 verterentur.
1305 1554 1643 1605 Ordovicum
1675 1553 1882 1615 civitas,

132 1643 278 1693 haud
322 1642 495 1692 multo
539 1650 669 1692 ante
715 1643 1015 1692 adventum
1061 1641 1197 1707 ejus,
1244 1641 1384 1691 alam
1425 1640 1480 1690 in
1526 1640 1728 1690 finibus
1773 1640 1885 1690 suis

134 1737 393 1795 agentem
424 1745 594 1794 prope
624 1729 938 1778 universam
969 1728 1287 1787 obtriverat,
1316 1744 1491 1793 eoque
1522 1726 1677 1776 initio
1703 1735 1888 1777 erecta

133 1815 446 1881 provincia;
500 1823 554 1865 et
614 1815 812 1881 quibus
855 1815 1061 1865 bellum
1109 1815 1425 1864 volentibus
1475 1821 1606 1873 erat,
1653 1814 1886 1878 probare

134 1902 462 1967 exemplum,
519 1919 581 1952 ac
635 1902 877 1952 recentis
930 1901 1101 1968 legati
1153 1901 1398 1951 animum
1453 1900 1704 1966 opperiri,
1761 1917 1885 1950 cum

133 1988 415 2055 Agricola,
449 2005 779 2055 quamquam
821 1997 1140 2039 transvecta
1179 1996 1377 2046 aestas,
1411 1987 1586 2053 sparsi
1630 2004 1728 2052 per
1769 2003 1888 2052 pro-

132 2075 371 2126 vinciam
415 2075 645 2136 numeri,
696 2083 1054 2140 praesumpta
1096 2075 1241 2140 apud
1288 2074 1539 2124 militem>
1568 2074 1712 2123 illius
1756 2072 1887 2123 anni

134 2161 304 2228 quies,
336 2162 492 2212 tarda
519 2169 574 2212 et
604 2162 880 2212 contraria
907 2162 1112 2212 bellum
1143 2161 1486 2221 incohatum,
1520 2168 1574 2211 et
1609 2160 1886 2226 plerisque

107 2266 109 2268 ·
134 2248 399 2299 custodiri
422 2257 683 2313 suspecta
704 2248 888 2314 potius
910 2248 1216 2308 videbatur,
1239 2248 1317 2298 ire
1341 2248 1557 2297 obviam
1582 2247 1886 2297 discrimini

134 2334 328 2385 statuit
351 2352 361 2396 ;
391 2335 802 2401 contractisque
825 2335 1110 2401 legionum
1134 2334 1348 2385 vexillis
1378 2343 1433 2384 et
1462 2334 1678 2384 modica
1705 2333 1889 2383 auxili-

134 2437 290 2471 orum
344 2438 525 2482 manu,
576 2421 703 2487 quia
748 2421 803 2470 in
851 2439 1088 2488 aequum
1137 2421 1365 2488 degredi
1415 2420 1720 2471 Ordovices
1774 2438 1885 2470 non

134 2508 426 2568 audebant,
484 2508 603 2573 ipse
656 2516 785 2559 ante
839 2525 1056 2575 agmen,
1107 2526 1214 2575 quo
1269 2508 1468 2559 ceteris
1523 2525 1620 2573 par
1671 2507 1886 2557 animus

136 2593 298 2644 simili
327 2594 571 2660 periculo
602 2603 766 2654 esset,
800 2596 974 2646 erexit
1003 2595 1192 2646 aciem.
1258 2595 1545 2660 Caesaque
1575 2612 1745 2660 prope
1775 2594 1889 2644 uni-

133 2697 294 2731 versa
336 2689 519 2747 gente,
566 2699 679 2731 non
724 2682 948 2748 ignarus
993 2682 1313 2732 instandum
1355 2679 1550 2743 famae,
1601 2699 1678 2740 ac,
1725 2688 1888 2747 prout

134 2767 310 2833 prima
337 2768 667 2829 cessissenty
690 2777 957 2819 terrorem
990 2769 1191 2820 ceteris
1219 2767 1353 2829 fore,
1382 2769 1609 2818 Monam
1634 2768 1884 2828 insulam,

135 2853 292 2919 cujus
321 2855 679 2920 possessione
710 2864 1029 2906 revocatum
1062 2856 1350 2906 Paulinum
1385 2855 1687 2906 rebellione
1717 2854 1887 2904 totius

135 2940 456 2992 Britanniae
516 2959 682 3008 supra
739 2944 1054 3004 memoravi,
1119 2943 1371 3009 redigere
1434 2942 1488 2992 in
1551 2949 1886 3007 potestatem

134 3026 317 3076 animo
377 3027 630 3080 intendit.
756 3029 867 3080 Sed
940 3038 998 3080 ut
1057 3029 1113 3079 in
1167 3030 1346 3079 dubiis
1401 3028 1645 3079 consiliis
1718 3044 1887 3077 naves

133 3112 395 3176 deerant,
437 3115 575 3165 ratio
608 3123 663 3166 et
693 3117 1008 3167 constantia
1035 3116 1190 3167 ducis
1221 3115 1543 3166 transvexit.
1599 3113 1887 3180 Depositis

134 3200 392 3250 omnibus
439 3201 670 3252 sarcinis
736 3203 1070 3253 lectissimos
1111 3202 1469 3262 auxiliarium,
1517 3201 1714 3267 quibus
1755 3209 1888 3250 nota

1946 1059 1986 1079 10

1946 1924 1986 1944 20

1946 2359 1986 2389 ²5

1948 2794 1988 2823 30
