<?xml version="1.0" encoding="UTF-8"?>
<!DOCTYPE html PUBLIC "-//W3C//DTD XHTML 1.0 Transitional//EN"
    "http://www.w3.org/TR/xhtml1/DTD/xhtml1-transitional.dtd">
<html xmlns="http://www.w3.org/1999/xhtml" xml:lang="en" lang="en">
 <head>
  <title>
</title>
<meta http-equiv="Content-Type" content="text/html;charset=utf-8" />
  <meta name='ocr-system' content='tesseract 3.04.00' />
  <meta name='ocr-capabilities' content='ocr_page ocr_carea ocr_par ocr_line ocrx_word'/>
</head>
<body>
  <div class='ocr_page' id='page_1' title='image "./pcornelitacitivi00taci_0025.png"; bbox 0 0 2179 3423; ppageno 0'>
   <div class='ocr_carea' id='block_1_1' title="bbox 625 62 1935 131">
    <p class='ocr_par' dir='ltr' id='par_1_1' title="bbox 625 62 1935 131">
     <span class='ocr_line' id='line_1_1' title="bbox 625 62 1935 131; baseline -0.002 -18"><span class='ocrx_word' id='word_1_1' title='bbox 625 63 738 113; x_wconf 70' lang='lat' dir='ltr'>His</span> <span class='ocrx_word' id='word_1_2' title='bbox 780 65 990 131; x_wconf 60' lang='lat' dir='ltr'>§ystem</span> <span class='ocrx_word' id='word_1_3' title='bbox 1031 65 1096 129; x_wconf 68' lang='lat' dir='ltr'>(gf</span> <span class='ocrx_word' id='word_1_4' title='bbox 1129 62 1499 112; x_wconf 73' lang='lat' dir='ltr'>Governmenl.</span> <span class='ocrx_word' id='word_1_5' title='bbox 1847 76 1894 125; x_wconf 69' lang='grc' dir='ltr'>ιΙ</span> <span class='ocrx_word' id='word_1_6' title='bbox 1907 74 1935 125; x_wconf 84' lang='lat'>3</span> 
     </span>
    </p>
   </div>
   <div class='ocr_carea' id='block_1_2' title="bbox 188 215 1940 718">
    <p class='ocr_par' dir='ltr' id='par_1_2' title="bbox 188 215 1940 718">
     <span class='ocr_line' id='line_1_2' title="bbox 189 215 1940 287; baseline -0.003 -14"><span class='ocrx_word' id='word_1_7' title='bbox 189 220 391 273; x_wconf 83' lang='lat' dir='ltr'>famam</span> <span class='ocrx_word' id='word_1_8' title='bbox 421 219 542 287; x_wconf 88' lang='lat' dir='ltr'>paci</span> <span class='ocrx_word' id='word_1_9' title='bbox 572 219 949 278; x_wconf 81' lang='lat' dir='ltr'>circumdedit,</span> <span class='ocrx_word' id='word_1_10' title='bbox 983 235 1121 284; x_wconf 85' lang='lat' dir='ltr'>quae</span> <span class='ocrx_word' id='word_1_11' title='bbox 1148 218 1233 268; x_wconf 80' lang='lat' dir='ltr'>vel</span> <span class='ocrx_word' id='word_1_12' title='bbox 1270 217 1481 268; x_wconf 87' lang='lat' dir='ltr'>incuria</span> <span class='ocrx_word' id='word_1_13' title='bbox 1518 216 1605 268; x_wconf 85' lang='lat' dir='ltr'>vel</span> <span class='ocrx_word' id='word_1_14' title='bbox 1646 215 1940 268; x_wconf 90' lang='lat' dir='ltr'>intoleran-</span> 
     </span>
     <span class='ocr_line' id='line_1_3' title="bbox 190 304 1935 375; baseline -0.003 -16"><span class='ocrx_word' id='word_1_15' title='bbox 190 310 266 360; x_wconf 93' lang='lat' dir='ltr'>tia</span> <span class='ocrx_word' id='word_1_16' title='bbox 293 308 535 375; x_wconf 87' lang='lat' dir='ltr'>priorum</span> <span class='ocrx_word' id='word_1_17' title='bbox 566 307 712 357; x_wconf 91' lang='lat' dir='ltr'>haud</span> <span class='ocrx_word' id='word_1_18' title='bbox 741 306 923 356; x_wconf 88' lang='lat' dir='ltr'>minus</span> <span class='ocrx_word' id='word_1_19' title='bbox 965 323 1127 372; x_wconf 89' lang='lat' dir='ltr'>quarn</span> <span class='ocrx_word' id='word_1_20' title='bbox 1167 306 1372 355; x_wconf 90' lang='lat' dir='ltr'>bellum</span> <span class='ocrx_word' id='word_1_21' title='bbox 1414 304 1724 355; x_wconf 75' lang='lat' dir='ltr'>timebatur.</span> <span class='ocrx_word' id='word_1_22' title='bbox 1808 304 1935 364; x_wconf 84' lang='lat' dir='ltr'>Sed,</span> 
     </span>
     <span class='ocr_line' id='line_1_4' title="bbox 190 390 1934 456; baseline -0.003 -11"><span class='ocrx_word' id='word_1_23' title='bbox 190 395 282 445; x_wconf 88' lang='lat' dir='ltr'>ubi</span> <span class='ocrx_word' id='word_1_24' title='bbox 310 403 492 446; x_wconf 89' lang='lat' dir='ltr'>aestas</span> <span class='ocrx_word' id='word_1_25' title='bbox 521 393 760 452; x_wconf 85' lang='lat' dir='ltr'>advenit,</span> <span class='ocrx_word' id='word_1_26' title='bbox 792 400 1077 443; x_wconf 91' lang='lat' dir='ltr'>contracto</span> <span class='ocrx_word' id='word_1_27' title='bbox 1107 391 1353 441; x_wconf 79' lang='lat' dir='ltr'>exercitu</span> <span class='ocrx_word' id='word_1_28' title='bbox 1382 391 1585 440; x_wconf 86' lang='lat' dir='ltr'>multus</span> <span class='ocrx_word' id='word_1_29' title='bbox 1616 390 1670 439; x_wconf 90' lang='lat' dir='ltr'>in</span> <span class='ocrx_word' id='word_1_30' title='bbox 1698 391 1934 456; x_wconf 82' lang='lat' dir='ltr'>agmine,</span> 
     </span>
     <span class='ocr_line' id='line_1_5' title="bbox 188 477 1937 544; baseline -0.003 -12"><span class='ocrx_word' id='word_1_31' title='bbox 188 481 410 532; x_wconf 91' lang='lat' dir='ltr'>laudare</span> <span class='ocrx_word' id='word_1_32' title='bbox 447 480 790 538; x_wconf 79' lang='lat' dir='ltr'>modestiam,</span> <span class='ocrx_word' id='word_1_33' title='bbox 822 479 1088 544; x_wconf 89' lang='lat' dir='ltr'>disjectos</span> <span class='ocrx_word' id='word_1_34' title='bbox 1117 495 1407 528; x_wconf 90' lang='lat' dir='ltr'>coercere:</span> <span class='ocrx_word' id='word_1_35' title='bbox 1448 477 1569 527; x_wconf 90' lang='lat' dir='ltr'>loca</span> <span class='ocrx_word' id='word_1_36' title='bbox 1596 477 1790 527; x_wconf 86' lang='lat' dir='ltr'>castris</span> <span class='ocrx_word' id='word_1_37' title='bbox 1820 477 1937 542; x_wconf 85' lang='lat' dir='ltr'>ipse</span> 
     </span>
     <span class='ocr_line' id='line_1_6' title="bbox 189 563 1936 633; baseline -0.003 -15"><span class='ocrx_word' id='word_1_38' title='bbox 189 584 399 633; x_wconf 78' lang='lat' dir='ltr'>capere,</span> <span class='ocrx_word' id='word_1_39' title='bbox 443 566 717 617; x_wconf 84' lang='lat' dir='ltr'>aestuaria</span> <span class='ocrx_word' id='word_1_40' title='bbox 755 583 818 616; x_wconf 94' lang='lat' dir='ltr'>ac</span> <span class='ocrx_word' id='word_1_41' title='bbox 865 565 1030 615; x_wconf 85' lang='lat' dir='ltr'>silvas</span> <span class='ocrx_word' id='word_1_42' title='bbox 1084 564 1201 630; x_wconf 91' lang='lat' dir='ltr'>ipse</span> <span class='ocrx_word' id='word_1_43' title='bbox 1254 572 1638 630; x_wconf 87' lang='lat' dir='ltr'>praetentare;</span> <span class='ocrx_word' id='word_1_44' title='bbox 1693 571 1748 613; x_wconf 94' lang='lat' dir='ltr'>et</span> <span class='ocrx_word' id='word_1_45' title='bbox 1801 563 1936 613; x_wconf 86' lang='lat' dir='ltr'>nihil</span> 
     </span>
     <span class='ocr_line' id='line_1_7' title="bbox 188 649 1937 718; baseline -0.003 -15"><span class='ocrx_word' id='word_1_46' title='bbox 188 653 408 704; x_wconf 86' lang='lat' dir='ltr'>interim</span> <span class='ocrx_word' id='word_1_47' title='bbox 447 653 591 718; x_wconf 90' lang='lat' dir='ltr'>apud</span> <span class='ocrx_word' id='word_1_48' title='bbox 638 653 829 702; x_wconf 87' lang='lat' dir='ltr'>hostes</span> <span class='ocrx_word' id='word_1_49' title='bbox 877 651 1122 718; x_wconf 89' lang='lat' dir='ltr'>quietum</span> <span class='ocrx_word' id='word_1_50' title='bbox 1176 650 1304 716; x_wconf 89' lang='lat' dir='ltr'>pati,</span> <span class='ocrx_word' id='word_1_51' title='bbox 1349 667 1455 716; x_wconf 90' lang='lat' dir='ltr'>quo</span> <span class='ocrx_word' id='word_1_52' title='bbox 1504 649 1686 699; x_wconf 89' lang='lat' dir='ltr'>minus</span> <span class='ocrx_word' id='word_1_53' title='bbox 1741 649 1937 699; x_wconf 83' lang='lat' dir='ltr'>subitis</span> 
     </span>
    </p>
   </div>
   <div class='ocr_carea' id='block_1_3' title="bbox 188 736 1939 804">
    <p class='ocr_par' dir='ltr' id='par_1_3' title="bbox 188 736 1939 804">
     <span class='ocr_line' id='line_1_8' title="bbox 188 736 1939 804; baseline -0.003 -14"><span class='ocrx_word' id='word_1_54' title='bbox 188 738 509 791; x_wconf 80' lang='lat' dir='ltr'>excursibus</span> <span class='ocrx_word' id='word_1_55' title='bbox 544 738 898 804; x_wconf 83' lang='lat' dir='ltr'>popularetur</span> <span class='ocrx_word' id='word_1_56' title='bbox 921 753 931 797; x_wconf 93' lang='lat'>;</span> <span class='ocrx_word' id='word_1_57' title='bbox 973 745 1152 803; x_wconf 88' lang='lat' dir='ltr'>atque,</span> <span class='ocrx_word' id='word_1_58' title='bbox 1197 736 1290 786; x_wconf 89' lang='lat' dir='ltr'>ubi</span> <span class='ocrx_word' id='word_1_59' title='bbox 1331 736 1464 786; x_wconf 87' lang='lat' dir='ltr'>satis</span> <span class='ocrx_word' id='word_1_60' title='bbox 1505 743 1791 795; x_wconf 90' lang='lat' dir='ltr'>terruerat,</span> <span class='ocrx_word' id='word_1_61' title='bbox 1823 753 1939 801; x_wconf 88' lang='lat' dir='ltr'>par-</span> 
     </span>
    </p>
   </div>
   <div class='ocr_carea' id='block_1_4' title="bbox 186 821 1937 1062">
    <p class='ocr_par' dir='ltr' id='par_1_4' title="bbox 186 821 1937 1062">
     <span class='ocr_line' id='line_1_9' title="bbox 187 821 1936 888; baseline -0.002 -12"><span class='ocrx_word' id='word_1_62' title='bbox 187 827 363 877; x_wconf 86' lang='lat' dir='ltr'>cendo</span> <span class='ocrx_word' id='word_1_63' title='bbox 393 843 581 875; x_wconf 86' lang='lat' dir='ltr'>rursus</span> <span class='ocrx_word' id='word_1_64' title='bbox 605 825 949 874; x_wconf 89' lang='lat' dir='ltr'>irritamenta</span> <span class='ocrx_word' id='word_1_65' title='bbox 976 823 1125 888; x_wconf 88' lang='lat' dir='ltr'>pacis</span> <span class='ocrx_word' id='word_1_66' title='bbox 1148 831 1445 874; x_wconf 88' lang='lat' dir='ltr'>ostentare.</span> <span class='ocrx_word' id='word_1_67' title='bbox 1530 821 1746 888; x_wconf 75' lang='lat' dir='ltr'>Quibus</span> <span class='ocrx_word' id='word_1_68' title='bbox 1770 822 1936 872; x_wconf 88' lang='lat' dir='ltr'>rebus</span> 
     </span>
     <span class='ocr_line' id='line_1_10' title="bbox 187 909 1933 976; baseline -0.003 -14"><span class='ocrx_word' id='word_1_69' title='bbox 187 913 392 962; x_wconf 89' lang='lat' dir='ltr'>multae</span> <span class='ocrx_word' id='word_1_70' title='bbox 422 912 690 971; x_wconf 78' lang='lat' dir='ltr'>civitates,</span> <span class='ocrx_word' id='word_1_71' title='bbox 723 927 861 976; x_wconf 90' lang='lat' dir='ltr'>quae</span> <span class='ocrx_word' id='word_1_72' title='bbox 891 910 946 959; x_wconf 90' lang='lat' dir='ltr'>in</span> <span class='ocrx_word' id='word_1_73' title='bbox 984 909 1136 958; x_wconf 89' lang='lat' dir='ltr'>illum</span> <span class='ocrx_word' id='word_1_74' title='bbox 1178 909 1323 959; x_wconf 91' lang='lat' dir='ltr'>diem</span> <span class='ocrx_word' id='word_1_75' title='bbox 1365 925 1431 958; x_wconf 77' lang='lat' dir='ltr'>ex</span> <span class='ocrx_word' id='word_1_76' title='bbox 1470 925 1646 974; x_wconf 91' lang='lat' dir='ltr'>aequo</span> <span class='ocrx_word' id='word_1_77' title='bbox 1688 916 1933 973; x_wconf 81' lang='lat' dir='ltr'>egerant,</span> 
     </span>
     <span class='ocr_line' id='line_1_11' title="bbox 186 994 1937 1062; baseline -0.001 -13"><span class='ocrx_word' id='word_1_78' title='bbox 186 999 328 1049; x_wconf 86' lang='lat' dir='ltr'>datis</span> <span class='ocrx_word' id='word_1_79' title='bbox 369 998 668 1057; x_wconf 83' lang='lat' dir='ltr'>obsidibus,</span> <span class='ocrx_word' id='word_1_80' title='bbox 701 997 835 1046; x_wconf 89' lang='lat' dir='ltr'>iram</span> <span class='ocrx_word' id='word_1_81' title='bbox 877 1012 1125 1062; x_wconf 87' lang='lat' dir='ltr'>posuere,</span> <span class='ocrx_word' id='word_1_82' title='bbox 1158 1003 1213 1046; x_wconf 91' lang='lat' dir='ltr'>et</span> <span class='ocrx_word' id='word_1_83' title='bbox 1253 995 1541 1061; x_wconf 85' lang='lat' dir='ltr'>praesidiis</span> <span class='ocrx_word' id='word_1_84' title='bbox 1583 994 1937 1061; x_wconf 83' lang='lat' dir='ltr'>castellisque</span> 
     </span>
    </p>
   </div>
   <div class='ocr_carea' id='block_1_5' title="bbox 182 1084 1941 1150">
    <p class='ocr_par' dir='ltr' id='par_1_5' title="bbox 182 1084 1941 1150">
     <span class='ocr_line' id='line_1_12' title="bbox 182 1084 1941 1150; baseline -0.001 -9"><span class='ocrx_word' id='word_1_85' title='bbox 182 1089 572 1148; x_wconf 77' lang='lat' dir='ltr'>circumdatae,</span> <span class='ocrx_word' id='word_1_86' title='bbox 616 1094 773 1136; x_wconf 87' lang='lat' dir='ltr'>&#39;tanta</span> <span class='ocrx_word' id='word_1_87' title='bbox 817 1085 1032 1136; x_wconf 90' lang='lat' dir='ltr'>ratione</span> <span class='ocrx_word' id='word_1_88' title='bbox 1076 1100 1315 1150; x_wconf 89' lang='lat' dir='ltr'>curaque</span> <span class='ocrx_word' id='word_1_89' title='bbox 1357 1092 1417 1134; x_wconf 93' lang='lat' dir='ltr'>ut</span> <span class='ocrx_word' id='word_1_90' title='bbox 1464 1084 1616 1136; x_wconf 92' lang='lat' dir='ltr'>nulla</span> <span class='ocrx_word' id='word_1_91' title='bbox 1657 1096 1790 1138; x_wconf 91' lang='lat' dir='ltr'>ante</span> <span class='ocrx_word' id='word_1_92' title='bbox 1826 1087 1941 1138; x_wconf 85' lang='lat' dir='ltr'>Bri-</span> 
     </span>
    </p>
   </div>
   <div class='ocr_carea' id='block_1_6' title="bbox 169 1175 1929 3240">
    <p class='ocr_par' dir='ltr' id='par_1_6' title="bbox 181 1175 1614 1243">
     <span class='ocr_line' id='line_1_13' title="bbox 181 1175 1614 1243; baseline -0.001 -15"><span class='ocrx_word' id='word_1_93' title='bbox 181 1180 404 1229; x_wconf 76' lang='lat' dir='ltr'>tanniae</span> <span class='ocrx_word' id='word_1_94' title='bbox 437 1195 578 1228; x_wconf 75' lang='lat' dir='ltr'>nova</span> <span class='ocrx_word' id='word_1_95' title='bbox 605 1195 729 1243; x_wconf 90' lang='lat' dir='ltr'>pars</span> <span class='ocrx_word' id='word_1_96' title='bbox 746 1179 967 1243; x_wconf 68' lang='lat' dir='ltr'>pariter</span> <span class='ocrx_word' id='word_1_97' title='bbox 993 1175 1290 1225; x_wconf 87' lang='lat' dir='ltr'>illacessita</span> <span class='ocrx_word' id='word_1_98' title='bbox 1318 1176 1614 1228; x_wconf 87' lang='lat' dir='ltr'>transierit.</span> 
     </span>
    </p>

    <p class='ocr_par' dir='ltr' id='par_1_7' title="bbox 174 1264 1929 2441">
     <span class='ocr_line' id='line_1_14' title="bbox 251 1264 1923 1331; baseline 0.001 -16"><span class='ocrx_word' id='word_1_99' title='bbox 251 1281 366 1316; x_wconf 85' lang='lat' dir='ltr'>XXI.</span> <span class='ocrx_word' id='word_1_100' title='bbox 427 1265 680 1330; x_wconf 80' lang='lat' dir='ltr'>Sequens</span> <span class='ocrx_word' id='word_1_101' title='bbox 710 1265 888 1315; x_wconf 86' lang='lat' dir='ltr'>hiems</span> <span class='ocrx_word' id='word_1_102' title='bbox 919 1264 1294 1315; x_wconf 86' lang='lat' dir='ltr'>saluberrimis</span> <span class='ocrx_word' id='word_1_103' title='bbox 1330 1265 1575 1316; x_wconf 89' lang='lat' dir='ltr'>consiliis</span> <span class='ocrx_word' id='word_1_104' title='bbox 1617 1265 1923 1331; x_wconf 85' lang='lat' dir='ltr'>absumpta.</span> 
     </span>
     <span class='ocr_line' id='line_1_15' title="bbox 180 1350 1927 1417; baseline 0.001 -16"><span class='ocrx_word' id='word_1_105' title='bbox 180 1351 448 1417; x_wconf 82' lang='lat' dir='ltr'>Namque,</span> <span class='ocrx_word' id='word_1_106' title='bbox 505 1358 565 1400; x_wconf 92' lang='lat' dir='ltr'>ut</span> <span class='ocrx_word' id='word_1_107' title='bbox 618 1351 873 1401; x_wconf 87' lang='lat' dir='ltr'>homines</span> <span class='ocrx_word' id='word_1_108' title='bbox 926 1350 1160 1416; x_wconf 89' lang='lat' dir='ltr'>dispersi</span> <span class='ocrx_word' id='word_1_109' title='bbox 1213 1368 1275 1401; x_wconf 93' lang='lat' dir='ltr'>ac</span> <span class='ocrx_word' id='word_1_110' title='bbox 1328 1352 1493 1401; x_wconf 88' lang='lat' dir='ltr'>rudes</span> <span class='ocrx_word' id='word_1_111' title='bbox 1552 1368 1727 1417; x_wconf 87' lang='lat' dir='ltr'>eoque</span> <span class='ocrx_word' id='word_1_112' title='bbox 1783 1352 1927 1402; x_wconf 93' lang='lat' dir='ltr'>bello</span> 
     </span>
     <span class='ocr_line' id='line_1_16' title="bbox 175 1435 1929 1504; baseline 0 -16"><span class='ocrx_word' id='word_1_113' title='bbox 175 1435 367 1489; x_wconf 79' lang='lat' dir='ltr'>faciles</span> <span class='ocrx_word' id='word_1_114' title='bbox 415 1438 585 1504; x_wconf 84' lang='lat' dir='ltr'>quieti</span> <span class='ocrx_word' id='word_1_115' title='bbox 626 1446 681 1488; x_wconf 94' lang='lat' dir='ltr'>et</span> <span class='ocrx_word' id='word_1_116' title='bbox 722 1438 834 1488; x_wconf 91' lang='lat' dir='ltr'>otio</span> <span class='ocrx_word' id='word_1_117' title='bbox 876 1454 975 1503; x_wconf 90' lang='lat' dir='ltr'>per</span> <span class='ocrx_word' id='word_1_118' title='bbox 1012 1438 1327 1504; x_wconf 78' lang='lat' dir='ltr'>voluptates</span> <span class='ocrx_word' id='word_1_119' title='bbox 1368 1446 1771 1499; x_wconf 84' lang='lat' dir='ltr'>assuescerent,</span> <span class='ocrx_word' id='word_1_120' title='bbox 1808 1439 1929 1488; x_wconf 91' lang='lat' dir='ltr'>hor-</span> 
     </span>
     <span class='ocr_line' id='line_1_17' title="bbox 176 1522 1925 1590; baseline 0.001 -15"><span class='ocrx_word' id='word_1_121' title='bbox 176 1525 279 1576; x_wconf 89' lang='lat' dir='ltr'>tari</span> <span class='ocrx_word' id='word_1_122' title='bbox 308 1525 577 1590; x_wconf 82' lang='lat' dir='ltr'>privatim,</span> <span class='ocrx_word' id='word_1_123' title='bbox 621 1524 884 1590; x_wconf 82' lang='lat' dir='ltr'>adjuvare</span> <span class='ocrx_word' id='word_1_124' title='bbox 924 1525 1158 1590; x_wconf 89' lang='lat' dir='ltr'>publice,</span> <span class='ocrx_word' id='word_1_125' title='bbox 1203 1533 1263 1575; x_wconf 92' lang='lat' dir='ltr'>ut</span> <span class='ocrx_word' id='word_1_126' title='bbox 1304 1525 1510 1590; x_wconf 89' lang='lat' dir='ltr'>templa</span> <span class='ocrx_word' id='word_1_127' title='bbox 1566 1522 1686 1575; x_wconf 76' lang='lat' dir='ltr'>fora</span> <span class='ocrx_word' id='word_1_128' title='bbox 1732 1526 1925 1576; x_wconf 88' lang='lat' dir='ltr'>domos</span> 
     </span>
     <span class='ocr_line' id='line_1_18' title="bbox 177 1611 1921 1678; baseline 0.001 -16"><span class='ocrx_word' id='word_1_129' title='bbox 177 1620 541 1671; x_wconf 74' lang='lat' dir='ltr'>exstruerent,</span> <span class='ocrx_word' id='word_1_130' title='bbox 586 1612 860 1662; x_wconf 90' lang='lat' dir='ltr'>laudando</span> <span class='ocrx_word' id='word_1_131' title='bbox 901 1619 1187 1677; x_wconf 88' lang='lat' dir='ltr'>promptos</span> <span class='ocrx_word' id='word_1_132' title='bbox 1229 1619 1283 1661; x_wconf 92' lang='lat' dir='ltr'>et</span> <span class='ocrx_word' id='word_1_133' title='bbox 1325 1611 1649 1677; x_wconf 88' lang='lat' dir='ltr'>castigando</span> <span class='ocrx_word' id='word_1_134' title='bbox 1705 1629 1921 1678; x_wconf 81' lang='lat' dir='ltr'>segnes,</span> 
     </span>
     <span class='ocr_line' id='line_1_19' title="bbox 177 1698 1926 1763; baseline 0 -15"><span class='ocrx_word' id='word_1_135' title='bbox 177 1698 264 1749; x_wconf 90' lang='lat' dir='ltr'>Ita</span> <span class='ocrx_word' id='word_1_136' title='bbox 299 1699 525 1748; x_wconf 89' lang='lat' dir='ltr'>honoris</span> <span class='ocrx_word' id='word_1_137' title='bbox 566 1698 861 1749; x_wconf 88' lang='lat' dir='ltr'>aemulatio</span> <span class='ocrx_word' id='word_1_138' title='bbox 903 1714 1000 1763; x_wconf 88' lang='lat' dir='ltr'>pro</span> <span class='ocrx_word' id='word_1_139' title='bbox 1042 1698 1379 1748; x_wconf 89' lang='lat' dir='ltr'>necessitate</span> <span class='ocrx_word' id='word_1_140' title='bbox 1421 1706 1551 1749; x_wconf 89' lang='lat' dir='ltr'>erat.</span> <span class='ocrx_word' id='word_1_141' title='bbox 1631 1698 1753 1763; x_wconf 91' lang='lat' dir='ltr'>Jam</span> <span class='ocrx_word' id='word_1_142' title='bbox 1794 1716 1926 1749; x_wconf 79' lang='lat' dir='ltr'>vero</span> 
     </span>
     <span class='ocr_line' id='line_1_20' title="bbox 175 1784 1928 1851; baseline 0.001 -17"><span class='ocrx_word' id='word_1_143' title='bbox 175 1785 485 1850; x_wconf 88' lang='lat' dir='ltr'>principum</span> <span class='ocrx_word' id='word_1_144' title='bbox 526 1785 667 1834; x_wconf 88' lang='lat' dir='ltr'>filios</span> <span class='ocrx_word' id='word_1_145' title='bbox 707 1784 1026 1834; x_wconf 90' lang='lat' dir='ltr'>liberalibus</span> <span class='ocrx_word' id='word_1_146' title='bbox 1067 1784 1277 1834; x_wconf 89' lang='lat' dir='ltr'>artibus</span> <span class='ocrx_word' id='word_1_147' title='bbox 1319 1784 1550 1844; x_wconf 88' lang='lat' dir='ltr'>erudire,</span> <span class='ocrx_word' id='word_1_148' title='bbox 1595 1793 1650 1835; x_wconf 94' lang='lat' dir='ltr'>et</span> <span class='ocrx_word' id='word_1_149' title='bbox 1703 1785 1928 1851; x_wconf 89' lang='lat' dir='ltr'>ingenia</span> 
     </span>
     <span class='ocr_line' id='line_1_21' title="bbox 177 1867 1924 1937; baseline 0.001 -17"><span class='ocrx_word' id='word_1_150' title='bbox 177 1871 570 1921; x_wconf 88' lang='lat' dir='ltr'>Britannorum</span> <span class='ocrx_word' id='word_1_151' title='bbox 611 1871 809 1921; x_wconf 89' lang='lat' dir='ltr'>studiis</span> <span class='ocrx_word' id='word_1_152' title='bbox 852 1870 1136 1921; x_wconf 86' lang='lat' dir='ltr'>Gallorum</span> <span class='ocrx_word' id='word_1_153' title='bbox 1177 1867 1470 1932; x_wconf 73' lang='lat' dir='ltr'>anteferre,</span> <span class='ocrx_word' id='word_1_154' title='bbox 1512 1878 1585 1930; x_wconf 89' lang='lat' dir='ltr'>ut,</span> <span class='ocrx_word' id='word_1_155' title='bbox 1630 1871 1720 1937; x_wconf 89' lang='lat' dir='ltr'>qui</span> <span class='ocrx_word' id='word_1_156' title='bbox 1761 1873 1924 1922; x_wconf 87' lang='lat' dir='ltr'>modo</span> 
     </span>
     <span class='ocr_line' id='line_1_22' title="bbox 174 1956 1928 2023; baseline 0.001 -16"><span class='ocrx_word' id='word_1_157' title='bbox 174 1957 418 2023; x_wconf 89' lang='lat' dir='ltr'>linguam</span> <span class='ocrx_word' id='word_1_158' title='bbox 452 1958 761 2007; x_wconf 88' lang='lat' dir='ltr'>Romanam</span> <span class='ocrx_word' id='word_1_159' title='bbox 790 1957 1126 2016; x_wconf 90' lang='lat' dir='ltr'>abnuebant,</span> <span class='ocrx_word' id='word_1_160' title='bbox 1159 1956 1532 2023; x_wconf 89' lang='lat' dir='ltr'>eloquentiam</span> <span class='ocrx_word' id='word_1_161' title='bbox 1575 1958 1928 2023; x_wconf 91' lang='lat' dir='ltr'>concupisce-</span> 
     </span>
     <span class='ocr_line' id='line_1_23' title="bbox 174 2041 1922 2111; baseline 0.002 -18"><span class='ocrx_word' id='word_1_162' title='bbox 174 2052 312 2095; x_wconf 91' lang='lat' dir='ltr'>rent.</span> <span class='ocrx_word' id='word_1_163' title='bbox 397 2044 534 2094; x_wconf 71' lang='lat' dir='ltr'>inde</span> <span class='ocrx_word' id='word_1_164' title='bbox 563 2044 728 2094; x_wconf 87' lang='lat' dir='ltr'>etiam</span> <span class='ocrx_word' id='word_1_165' title='bbox 757 2043 979 2093; x_wconf 88' lang='lat' dir='ltr'>habitus</span> <span class='ocrx_word' id='word_1_166' title='bbox 1002 2043 1179 2093; x_wconf 89' lang='lat' dir='ltr'>nostri</span> <span class='ocrx_word' id='word_1_167' title='bbox 1202 2044 1381 2093; x_wconf 90' lang='lat' dir='ltr'>honor</span> <span class='ocrx_word' id='word_1_168' title='bbox 1408 2052 1463 2094; x_wconf 92' lang='lat' dir='ltr'>et</span> <span class='ocrx_word' id='word_1_169' title='bbox 1491 2041 1754 2110; x_wconf 78' lang='lat' dir='ltr'>frequens</span> <span class='ocrx_word' id='word_1_170' title='bbox 1778 2053 1922 2111; x_wconf 90' lang='lat' dir='ltr'>toga,</span> 
     </span>
     <span class='ocr_line' id='line_1_24' title="bbox 174 2117 1927 2197; baseline 0.001 -17"><span class='ocrx_word' id='word_1_171' title='bbox 174 2130 547 2196; x_wconf 89' lang='lat' dir='ltr'>paulatimque</span> <span class='ocrx_word' id='word_1_172' title='bbox 583 2130 891 2180; x_wconf 87' lang='lat' dir='ltr'>discessum</span> <span class='ocrx_word' id='word_1_173' title='bbox 932 2130 1000 2180; x_wconf 92' lang='lat' dir='ltr'>ad</span> <span class='ocrx_word' id='word_1_174' title='bbox 1040 2130 1419 2180; x_wconf 85' lang='lat' dir='ltr'>delenimenta</span> <span class='ocrx_word' id='word_1_175' title='bbox 1457 2117 1731 2191; x_wconf 86' lang='lat' dir='ltr'>vitiorum,</span> <span class='ocrx_word' id='word_1_176' title='bbox 1763 2132 1927 2197; x_wconf 87' lang='lat' dir='ltr'>porti-</span> 
     </span>
     <span class='ocr_line' id='line_1_25' title="bbox 174 2216 1924 2284; baseline 0.001 -18"><span class='ocrx_word' id='word_1_177' title='bbox 174 2233 271 2267; x_wconf 86' lang='lat' dir='ltr'>cus</span> <span class='ocrx_word' id='word_1_178' title='bbox 312 2225 368 2267; x_wconf 93' lang='lat' dir='ltr'>et</span> <span class='ocrx_word' id='word_1_179' title='bbox 408 2217 605 2267; x_wconf 85' lang='lat' dir='ltr'>balnea</span> <span class='ocrx_word' id='word_1_180' title='bbox 644 2225 699 2266; x_wconf 90' lang='lat' dir='ltr'>et</span> <span class='ocrx_word' id='word_1_181' title='bbox 741 2216 1119 2266; x_wconf 86' lang='lat' dir='ltr'>conviviorum</span> <span class='ocrx_word' id='word_1_182' title='bbox 1162 2216 1495 2283; x_wconf 88' lang='lat' dir='ltr'>elegantiam</span> <span class='ocrx_word' id='word_1_183' title='bbox 1518 2234 1528 2278; x_wconf 91' lang='lat'>;</span> <span class='ocrx_word' id='word_1_184' title='bbox 1576 2216 1740 2284; x_wconf 85' lang='lat' dir='ltr'>idque</span> <span class='ocrx_word' id='word_1_185' title='bbox 1780 2219 1924 2283; x_wconf 89' lang='lat' dir='ltr'>apud</span> 
     </span>
     <span class='ocr_line' id='line_1_26' title="bbox 174 2302 1925 2370; baseline 0.002 -18"><span class='ocrx_word' id='word_1_186' title='bbox 174 2302 459 2368; x_wconf 89' lang='lat' dir='ltr'>imperitos</span> <span class='ocrx_word' id='word_1_187' title='bbox 520 2303 834 2354; x_wconf 86' lang='lat' dir='ltr'>humanitas</span> <span class='ocrx_word' id='word_1_188' title='bbox 895 2303 1210 2365; x_wconf 87' lang='lat' dir='ltr'>vocabatur,</span> <span class='ocrx_word' id='word_1_189' title='bbox 1267 2320 1392 2354; x_wconf 78' lang='lat' dir='ltr'>culn</span> <span class='ocrx_word' id='word_1_190' title='bbox 1453 2320 1579 2370; x_wconf 89' lang='lat' dir='ltr'>pars</span> <span class='ocrx_word' id='word_1_191' title='bbox 1641 2305 1925 2356; x_wconf 87' lang='lat' dir='ltr'>servitutis</span> 
     </span>
     <span class='ocr_line' id='line_1_27' title="bbox 174 2398 337 2441; baseline 0.012 -2"><span class='ocrx_word' id='word_1_192' title='bbox 174 2398 337 2441; x_wconf 90' lang='lat' dir='ltr'>esset.</span> 
     </span>
    </p>

    <p class='ocr_par' dir='ltr' id='par_1_8' title="bbox 169 2477 1926 3240">
     <span class='ocr_line' id='line_1_28' title="bbox 247 2477 1926 2547; baseline 0.003 -21"><span class='ocrx_word' id='word_1_193' title='bbox 247 2492 386 2528; x_wconf 84' lang='grc' dir='ltr'><strong>ΧΧΠ.</strong></span> <span class='ocrx_word' id='word_1_194' title='bbox 442 2477 667 2528; x_wconf 89' lang='lat' dir='ltr'>Tertius</span> <span class='ocrx_word' id='word_1_195' title='bbox 696 2479 1110 2545; x_wconf 84' lang='lat' dir='ltr'>expeditionum</span> <span class='ocrx_word' id='word_1_196' title='bbox 1140 2496 1320 2531; x_wconf 91' lang='lat' dir='ltr'>annus</span> <span class='ocrx_word' id='word_1_197' title='bbox 1348 2496 1520 2531; x_wconf 84' lang='lat' dir='ltr'>novas</span> <span class='ocrx_word' id='word_1_198' title='bbox 1549 2488 1747 2547; x_wconf 83' lang='lat' dir='ltr'>gentes</span> <span class='ocrx_word' id='word_1_199' title='bbox 1776 2497 1926 2546; x_wconf 89' lang='lat' dir='ltr'>aper-</span> 
     </span>
     <span class='ocr_line' id='line_1_29' title="bbox 173 2562 1919 2632; baseline 0.003 -20"><span class='ocrx_word' id='word_1_200' title='bbox 173 2562 267 2622; x_wconf 85' lang='lat' dir='ltr'>uit,</span> <span class='ocrx_word' id='word_1_201' title='bbox 311 2564 540 2614; x_wconf 85' lang='lat' dir='ltr'>vastatis</span> <span class='ocrx_word' id='word_1_202' title='bbox 583 2582 757 2631; x_wconf 91' lang='lat' dir='ltr'>usque</span> <span class='ocrx_word' id='word_1_203' title='bbox 804 2567 872 2616; x_wconf 91' lang='lat' dir='ltr'>ad</span> <span class='ocrx_word' id='word_1_204' title='bbox 919 2567 1172 2618; x_wconf 91' lang='lat' dir='ltr'>Tanaum</span> <span class='ocrx_word' id='word_1_205' title='bbox 1219 2567 1513 2632; x_wconf 89' lang='lat' dir='ltr'>(aestuario</span> <span class='ocrx_word' id='word_1_206' title='bbox 1562 2584 1766 2618; x_wconf 90' lang='lat' dir='ltr'>nornen</span> <span class='ocrx_word' id='word_1_207' title='bbox 1814 2569 1919 2632; x_wconf 89' lang='lat' dir='ltr'>est)</span> 
     </span>
     <span class='ocr_line' id='line_1_30' title="bbox 173 2649 1926 2721; baseline 0.003 -23"><span class='ocrx_word' id='word_1_208' title='bbox 173 2649 503 2701; x_wconf 75' lang='lat' dir='ltr'>nationibus</span> <span class='ocrx_word' id='word_1_209' title='bbox 553 2651 679 2717; x_wconf 70' lang='lat' dir='ltr'>Qua</span> <span class='ocrx_word' id='word_1_210' title='bbox 704 2649 1001 2704; x_wconf 78' lang='lat' dir='ltr'>formidine</span> <span class='ocrx_word' id='word_1_211' title='bbox 1030 2655 1206 2705; x_wconf 91' lang='lat' dir='ltr'>territi</span> <span class='ocrx_word' id='word_1_212' title='bbox 1230 2655 1421 2705; x_wconf 91' lang='lat' dir='ltr'>hostes</span> <span class='ocrx_word' id='word_1_213' title='bbox 1445 2671 1775 2721; x_wconf 89' lang='lat' dir='ltr'>quamquam</span> <span class='ocrx_word' id='word_1_214' title='bbox 1800 2671 1926 2705; x_wconf 93' lang='lat' dir='ltr'>con-</span> 
     </span>
     <span class='ocr_line' id='line_1_31' title="bbox 172 2734 1922 2806; baseline 0.002 -20"><span class='ocrx_word' id='word_1_215' title='bbox 172 2734 441 2788; x_wconf 86' lang='lat' dir='ltr'>flictatum</span> <span class='ocrx_word' id='word_1_216' title='bbox 476 2738 654 2788; x_wconf 85' lang='lat' dir='ltr'>saevis</span> <span class='ocrx_word' id='word_1_217' title='bbox 692 2741 1120 2806; x_wconf 88' lang='lat' dir='ltr'>tempestatibus</span> <span class='ocrx_word' id='word_1_218' title='bbox 1156 2741 1459 2792; x_wconf 81' lang='lat' dir='ltr'>exercitum</span> <span class='ocrx_word' id='word_1_219' title='bbox 1499 2741 1773 2791; x_wconf 90' lang='lat' dir='ltr'>lacessere</span> <span class='ocrx_word' id='word_1_220' title='bbox 1811 2758 1922 2790; x_wconf 92' lang='lat' dir='ltr'>non</span> 
     </span>
     <span class='ocr_line' id='line_1_32' title="bbox 171 2823 1925 2893; baseline 0.003 -22"><span class='ocrx_word' id='word_1_221' title='bbox 171 2823 320 2883; x_wconf 85' lang='lat' dir='ltr'>ausi3</span> <span class='ocrx_word' id='word_1_222' title='bbox 361 2825 746 2892; x_wconf 88' lang='lat' dir='ltr'>ponendisque</span> <span class='ocrx_word' id='word_1_223' title='bbox 776 2827 1003 2893; x_wconf 90' lang='lat' dir='ltr'>insuper</span> <span class='ocrx_word' id='word_1_224' title='bbox 1043 2829 1285 2878; x_wconf 89' lang='lat' dir='ltr'>castellis</span> <span class='ocrx_word' id='word_1_225' title='bbox 1327 2828 1567 2893; x_wconf 89' lang='lat' dir='ltr'>spatium</span> <span class='ocrx_word' id='word_1_226' title='bbox 1607 2825 1725 2878; x_wconf 78' lang='lat' dir='ltr'>fuit.</span> <span class='ocrx_word' id='word_1_227' title='bbox 1807 2827 1925 2876; x_wconf 83' lang='lat' dir='ltr'>An-</span> 
     </span>
     <span class='ocr_line' id='line_1_33' title="bbox 172 2909 1922 2979; baseline 0.003 -21"><span class='ocrx_word' id='word_1_228' title='bbox 172 2909 440 2960; x_wconf 87' lang='lat' dir='ltr'>notabant</span> <span class='ocrx_word' id='word_1_229' title='bbox 470 2911 631 2976; x_wconf 88' lang='lat' dir='ltr'>periti</span> <span class='ocrx_word' id='word_1_230' title='bbox 656 2929 766 2962; x_wconf 87' lang='lat' dir='ltr'>non</span> <span class='ocrx_word' id='word_1_231' title='bbox 790 2913 953 2964; x_wconf 88' lang='lat' dir='ltr'>aliurn</span> <span class='ocrx_word' id='word_1_232' title='bbox 979 2914 1176 2967; x_wconf 87' lang='lat' dir='ltr'>ducem</span> <span class='ocrx_word' id='word_1_233' title='bbox 1201 2914 1646 2979; x_wconf 87' lang='lat' dir='ltr'>opportunitates</span> <span class='ocrx_word' id='word_1_234' title='bbox 1676 2913 1922 2965; x_wconf 88' lang='lat' dir='ltr'>locorum</span> 
     </span>
     <span class='ocr_line' id='line_1_34' title="bbox 172 2994 1924 3066; baseline 0.004 -22"><span class='ocrx_word' id='word_1_235' title='bbox 172 2994 476 3062; x_wconf 86' lang='lat' dir='ltr'>sapientius</span> <span class='ocrx_word' id='word_1_236' title='bbox 520 2998 736 3065; x_wconf 87' lang='lat' dir='ltr'>legisse.</span> <span class='ocrx_word' id='word_1_237' title='bbox 821 3000 1050 3051; x_wconf 89' lang='lat' dir='ltr'>Nullum</span> <span class='ocrx_word' id='word_1_238' title='bbox 1092 3001 1160 3050; x_wconf 91' lang='lat' dir='ltr'>ab</span> <span class='ocrx_word' id='word_1_239' title='bbox 1202 3000 1471 3066; x_wconf 84' lang='lat' dir='ltr'>Agricola</span> <span class='ocrx_word' id='word_1_240' title='bbox 1516 3000 1758 3065; x_wconf 88' lang='lat' dir='ltr'>positum</span> <span class='ocrx_word' id='word_1_241' title='bbox 1812 3017 1924 3051; x_wconf 92' lang='lat' dir='ltr'>cas-</span> 
     </span>
     <span class='ocr_line' id='line_1_35' title="bbox 169 3081 1924 3152; baseline 0.003 -22"><span class='ocrx_word' id='word_1_242' title='bbox 169 3081 362 3132; x_wconf 89' lang='lat' dir='ltr'>tellum</span> <span class='ocrx_word' id='word_1_243' title='bbox 392 3093 485 3137; x_wconf 87' lang='lat' dir='ltr'>aut</span> <span class='ocrx_word' id='word_1_244' title='bbox 513 3085 566 3134; x_wconf 89' lang='lat' dir='ltr'>vi</span> <span class='ocrx_word' id='word_1_245' title='bbox 595 3086 838 3136; x_wconf 89' lang='lat' dir='ltr'>hostium</span> <span class='ocrx_word' id='word_1_246' title='bbox 868 3094 1245 3152; x_wconf 81' lang='lat' dir='ltr'>expugnatum</span> <span class='ocrx_word' id='word_1_247' title='bbox 1274 3094 1368 3138; x_wconf 85' lang='lat' dir='ltr'>aut</span> <span class='ocrx_word' id='word_1_248' title='bbox 1396 3086 1656 3152; x_wconf 89' lang='lat' dir='ltr'>pactione</span> <span class='ocrx_word' id='word_1_249' title='bbox 1693 3103 1754 3137; x_wconf 92' lang='lat' dir='ltr'>ac</span> <span class='ocrx_word' id='word_1_250' title='bbox 1791 3083 1924 3152; x_wconf 84' lang='lat' dir='ltr'>fuga</span> 
     </span>
     <span class='ocr_line' id='line_1_36' title="bbox 169 3167 1920 3240; baseline 0.003 -22"><span class='ocrx_word' id='word_1_251' title='bbox 169 3167 486 3233; x_wconf 82' lang='lat' dir='ltr'>desertum;</span> <span class='ocrx_word' id='word_1_252' title='bbox 540 3171 764 3224; x_wconf 88' lang='lat' dir='ltr'>crebrae</span> <span class='ocrx_word' id='word_1_253' title='bbox 818 3172 1175 3240; x_wconf 86' lang='lat' dir='ltr'>eruptiones;</span> <span class='ocrx_word' id='word_1_254' title='bbox 1239 3187 1368 3225; x_wconf 86' lang='lat' dir='ltr'>nam</span> <span class='ocrx_word' id='word_1_255' title='bbox 1420 3172 1686 3224; x_wconf 80' lang='lat' dir='ltr'>adversus</span> <span class='ocrx_word' id='word_1_256' title='bbox 1739 3188 1920 3224; x_wconf 87' lang='lat' dir='ltr'>moras</span> 
     </span>
    </p>
   </div>
   <div class='ocr_carea' id='block_1_7' title="bbox 1558 3297 1600 3304">
    <p class='ocr_par' dir='ltr' id='par_1_9' title="bbox 1558 3297 1600 3304">
     <span class='ocr_line' id='line_1_37' title="bbox 1558 3297 1600 3304; baseline 0 -3"><span class='ocrx_word' id='word_1_257' title='bbox 1558 3297 1600 3304; x_wconf 75' lang='grc'>,,..</span> 
     </span>
    </p>
   </div>
   <div class='ocr_carea' id='block_1_8' title="bbox 1995 1020 2035 1045">
    <p class='ocr_par' dir='ltr' id='par_1_10' title="bbox 1995 1020 2035 1045">
     <span class='ocr_line' id='line_1_38' title="bbox 1995 1020 2035 1045; baseline 0.025 -1"><span class='ocrx_word' id='word_1_258' title='bbox 1995 1020 2035 1045; x_wconf 89' lang='lat'>10</span> 
     </span>
    </p>
   </div>
   <div class='ocr_carea' id='block_1_9' title="bbox 1988 1468 2026 1497">
    <p class='ocr_par' dir='ltr' id='par_1_11' title="bbox 1988 1468 2026 1497">
     <span class='ocr_line' id='line_1_39' title="bbox 1988 1468 2026 1497; baseline 0 0"><span class='ocrx_word' id='word_1_259' title='bbox 1988 1468 2026 1497; x_wconf 90' lang='lat'>15</span> 
     </span>
    </p>
   </div>
   <div class='ocr_carea' id='block_1_10' title="bbox 1985 1897 2028 1918">
    <p class='ocr_par' dir='ltr' id='par_1_12' title="bbox 1985 1897 2028 1918">
     <span class='ocr_line' id='line_1_40' title="bbox 1985 1897 2028 1918; baseline 0.023 -1"><span class='ocrx_word' id='word_1_260' title='bbox 1985 1897 2028 1918; x_wconf 86' lang='lat'>20</span> 
     </span>
    </p>
   </div>
   <div class='ocr_carea' id='block_1_11' title="bbox 1985 2326 2026 2356">
    <p class='ocr_par' dir='ltr' id='par_1_13' title="bbox 1985 2326 2026 2356">
     <span class='ocr_line' id='line_1_41' title="bbox 1985 2326 2026 2356; baseline 0 0"><span class='ocrx_word' id='word_1_261' title='bbox 1985 2326 2026 2356; x_wconf 81' lang='lat'>25</span> 
     </span>
    </p>
   </div>
   <div class='ocr_carea' id='block_1_12' title="bbox 1983 2760 2024 2790">
    <p class='ocr_par' dir='ltr' id='par_1_14' title="bbox 1983 2760 2024 2790">
     <span class='ocr_line' id='line_1_42' title="bbox 1983 2760 2024 2790; baseline 0 -9"><span class='ocrx_word' id='word_1_262' title='bbox 1983 2760 2024 2790; x_wconf 84' lang='lat'>30</span> 
     </span>
    </p>
   </div>
   <div class='ocr_carea' id='block_1_13' title="bbox 1980 3188 2020 3220">
    <p class='ocr_par' dir='ltr' id='par_1_15' title="bbox 1980 3188 2020 3220">
     <span class='ocr_line' id='line_1_43' title="bbox 1980 3188 2020 3220; baseline 0.025 -1"><span class='ocrx_word' id='word_1_263' title='bbox 1980 3188 2020 3220; x_wconf 84' lang='lat'>35</span> 
     </span>
    </p>
   </div>
  </div>
 </body>
</html>
