2179 3423
156 2348 198 2377 25

156 2781 198 2810 30

158 3210 197 3241 35

263 111 299 160 4
803 97 912 148 che
948 96 1078 164 Lg‘fe
1116 97 1182 163 Of
1206 95 1476 164 Agricola.

335 270 410 307 VI.
469 255 620 306 Hinc
642 255 710 306 ad
733 254 1104 321 capessendos
1127 253 1483 320 magistratus
1511 251 1567 302 in
1590 251 1782 303 urbem
1806 251 2008 319 digres-

263 358 374 404 sus,
406 341 708 392 Domitiam
740 340 1118 400 Decidianam,
1152 339 1456 405 splendidis
1497 338 1773 389 natalibus
1813 347 2004 399 ortam,

238 420 368 480 *sibi
393 429 605 495 junxit;
644 429 807 494 idque
836 428 1247 477 matrimonium
1275 427 1342 476 ad
1371 425 1580 491 majora
1607 425 1810 475 nitenti
1837 426 2006 476 decus

262 533 324 566 ac
353 516 518 566 robur
544 513 661 566 fuit.
718 515 1104 580 Vixeruntque
1133 513 1270 563 mira
1299 512 1606 572 concordia,
1633 529 1731 577 per
1758 519 2006 562 mutuam

263 602 546 653 caritatem
577 610 631 651 et
660 601 897 651 invicem
928 617 987 651 se
1015 599 1441 665 anteponend03
1482 599 1588 648 nisi
1617 599 1762 664 quod
1784 598 1839 648 in
1862 599 2007 649 bona

262 705 429 738 uxore
457 697 612 738 tanto
642 687 817 753 major
843 686 977 746 laus,
1010 694 1216 752 quanto
1245 685 1301 735 in
1330 685 1473 735 mala
1504 685 1627 750 plus
1668 684 1861 750 culpae
1902 692 2001 736 est.

264 774 396 825 Sors
443 782 772 840 quaesturae
818 772 1159 838 provinciam
1200 771 1413 833 Asiam,
1456 771 1845 837 proconsulem
1895 770 2008 822 Sal-

260 861 409 910 vium
455 861 739 911 Titianum
790 860 978 921 dedit;
1037 876 1270 925 quorum
1316 865 1515 908 neutro
1563 864 1854 923 corruptus
1902 865 2002 926 est,

261 963 584 1013 quamquam
613 954 668 998 et
705 946 990 1012 provincia
1027 945 1182 996 dives
1215 961 1277 995 ac
1314 951 1504 1010 parata
1542 943 1918 1009 peccantibUS,
1951 951 2006 994 et

260 1031 570 1098 proconsul,
627 1032 683 1082 in
736 1049 959 1083 omnem
1011 1032 1332 1083 aviditatem
1385 1046 1607 1096 pronUS,
1664 1029 2006 1096 quantalibet

257 1117 523 1170 facilitate
568 1119 955 1184 redempturus
1003 1126 1153 1169 esset
1205 1124 1452 1167 mutuam
1506 1115 2005 1167 dissimulationem

259 1205 400 1256 mali.
481 1205 702 1255 Auctus
733 1212 818 1256 est
855 1204 928 1255 ibi
969 1204 1081 1255 filia
1126 1204 1182 1254 in
1225 1203 1530 1255 subsidium
1573 1201 1735 1253 simul
1777 1210 1832 1253 et
1873 1203 2008 1253 sola-

260 1292 435 1353 cium;
482 1309 608 1342 nam
656 1291 828 1341 filium
875 1299 1006 1342 ante
1059 1291 1337 1341 sublatum
1383 1289 1537 1341 brevi
1583 1289 1780 1341 amisit.
1871 1290 2007 1340 Mox

258 1377 404 1428 inter
455 1385 805 1444 quaesturam
858 1394 920 1428 ac
967 1377 1309 1428 tribunatum
1362 1377 1539 1443 plebis
1592 1384 1758 1443 atque
1823 1375 2004 1442 ipsum

259 1462 424 1515 etiam
466 1464 777 1514 tribunatus
818 1481 1025 1514 annum
1063 1463 1249 1530 quiete
1286 1471 1342 1514 et
1379 1464 1491 1514 otio
1529 1463 1761 1526 transiit,
1799 1479 2005 1530 gnarus

259 1550 360 1602 sub
391 1552 615 1602 Nerone
644 1559 971 1616 temporum,
1003 1550 1201 1617 quibus
1230 1550 1430 1601 inertia
1457 1567 1554 1616 pro
1585 1550 1858 1616 sapientia
1881 1548 2000 1602 fuit.

261 1638 414 1688 Idem
443 1645 732 1703 praeturae
772 1645 935 1688 tenor
974 1645 1029 1688 et
1070 1637 1384 1699 silentium;
1426 1654 1530 1688 nec
1571 1637 1718 1688 enim
1757 1637 2007 1704 jurisdic-

258 1724 333 1774 tio
363 1725 677 1775 obvenerat.
762 1724 950 1774 Ludos
980 1731 1034 1774 et
1063 1723 1248 1774 inania
1283 1723 1510 1774 honoris
1550 1724 1732 1774 medio
1774 1723 2003 1774 rationis

257 1819 421 1877 atque
450 1811 821 1861 abundantiae
855 1810 1023 1870 duxit,
1057 1810 1136 1860 uti
1176 1810 1343 1876 longe
1383 1827 1414 1860 a
1453 1810 1678 1872 luxuria,
1712 1810 1788 1860 ita
1825 1808 2005 1861 famae

180 1918 199 1937 0
257 1897 491 1963 propior.
585 1898 729 1948 Tum
764 1897 975 1948 electus
1009 1914 1040 1947 a
1069 1896 1246 1947 Galba
1278 1897 1345 1947 ad
1379 1897 1524 1947 dona
1560 1896 1893 1962 templorum
1927 1912 2006 1947 re-

258 1985 660 2050 cognoscenda,
692 1983 1118 2050 diligentissima
1146 1983 1554 2050 conquisitione
1581 1981 1729 2042 fecit,
1753 2000 1823 2033 ne
1847 1982 2004 2048 cujus

257 2071 481 2121 alterius
511 2070 860 2136 sacrilegium
889 2070 1203 2136 respublica
1231 2087 1392 2136 quam
1425 2069 1666 2121 Neronis
1697 2069 1981 2121 sensisset.

328 2172 425 2209 VH.
485 2157 738 2223 Sequens
779 2174 958 2207 annus
1000 2156 1152 2223 gravi
1192 2156 1422 2207 vulnere
1468 2156 1713 2206 animum
1760 2156 2005 2206 domum-

257 2260 362 2310 que
391 2244 511 2309 ejus
539 2244 743 2295 afflixit.
827 2244 971 2294 Nam
1001 2243 1193 2294 classis
1225 2242 1560 2303 Othoniana,
1592 2242 1826 2293 licenter
1846 2258 2000 2307 vaga,

256 2332 385 2381 dum
417 2332 739 2382 Intemelios
774 2331 1056 2398 (Liguriae
1085 2348 1210 2397 pars
1240 2332 1345 2396 est)
1379 2331 1657 2381 hostiliter
1689 2329 1999 2396 populatur,

256 2425 487 2468 matrem
517 2417 816 2484 Agricolae
846 2418 901 2468 in
930 2418 1168 2484 praediis
1199 2417 1312 2468 suis
1342 2415 1637 2477 interfecit,
1669 2416 2003 2483 praediaque

255 2503 374 2569 ipsa
402 2511 457 2554 et
485 2521 742 2570 magnam
772 2503 1090 2570 patrimonii
1131 2511 1344 2569 partem
1385 2502 1624 2568 diripuit,
1657 2518 1796 2569 quae
1837 2517 2002 2552 causa

256 2590 438 2640 caedis
483 2588 677 2641 fuerat.
779 2590 958 2656 Igitur
1003 2590 1071 2640 ad
1119 2589 1409 2640 sollemnia
1454 2588 1677 2655 pietatis
1718 2585 2001 2654 profectus

254 2676 534 2742 Agricola,
577 2676 772 2726 nuntio
816 2674 1063 2727 affectati
1103 2693 1135 2726 a
1169 2675 1518 2741 Vespasiano
1559 2673 1774 2740 imperii
1814 2674 2003 2739 depre-
2052 2720 2054 2724 .

255 2763 463 2813 hensus
509 2780 572 2813 ac
626 2763 813 2813 statim
868 2762 923 2812 in
977 2769 1162 2828 partes
1216 2769 1600 2827 transgressus
1654 2768 1753 2812 est.
1836 2759 2003 2810 Initia

255 2848 595 2914 principatus
636 2866 699 2899 ac
741 2856 947 2899 statum
989 2848 1139 2898 urbis
1182 2847 1478 2898 Mucianus
1518 2847 1761 2913 regebat,
1796 2845 2001 2914 juvene

254 2935 549 2985 admodum
575 2935 896 2986 Domitiano
926 2943 982 2985 et
1011 2951 1077 2985 ex
1104 2942 1335 3000 paterna
1355 2931 1579 2983 fortuna
1600 2940 1816 2983 tantum
1839 2931 2004 2982 licen-

255 3020 387 3072 tiam
415 3028 732 3086 usurpante.
817 3021 871 3070 Is
900 3020 1130 3071 missum
1159 3020 1227 3070 ad
1263 3019 1513 3070 delectus
1553 3019 1799 3084 agendos
1840 3016 2003 3083 Agri-

255 3106 430 3157 colam
454 3107 782 3173 integreque
804 3123 866 3157 ac
890 3114 1117 3157 strenue
1137 3113 1433 3165 versatum,
1458 3104 1754 3155 vicesimae
1775 3102 1998 3170 legioni,

255 3193 410 3243 tarde
467 3193 535 3243 ad
592 3199 1000 3244 sacramentum
1057 3199 1454 3258 transgressae,
1514 3189 1848 3257 praeposuit,
1908 3187 2001 3240 ubi
