2179 3423
763 61 976 112 Retm'n
1017 68 1065 111 to
1104 60 1288 111 Rome.
1832 67 1896 122 25

153 223 418 282 tempora,
449 231 589 282 quae
630 211 779 265 sileri
807 212 1130 280 Agricolam
1173 228 1284 262 non
1319 210 1602 263 sinerent:
1640 216 1724 260 tot
1753 225 1902 260 exer-

154 301 297 353 citus
344 301 399 351 in
454 301 668 351 Moesia
715 299 998 365 Daciaque
1045 306 1099 349 et
1150 297 1449 348 Germania
1495 304 1550 347 et
1600 295 1896 357 Pannonia,

152 387 470 438 temeritate
522 394 616 436 aut
669 402 766 452 per
813 385 1088 451 ignaviam
1129 384 1330 434 ducum
1372 382 1595 443 amissi3
1640 389 1724 431 tot
1765 381 1901 430 mili-

152 480 300 523 tares
332 472 434 522 viri
475 489 599 523 cum
640 479 724 521 tot
766 470 1086 521 cohortibus
1129 468 1430 535 expugnati
1472 475 1526 518 et
1569 467 1749 532 capti;
1795 483 1898 517 nec

150 558 262 625 jam
291 559 358 609 de
386 558 562 608 limite
592 557 807 622 imperii
837 565 891 607 et
921 556 1053 622 ripa,
1085 556 1182 605 sed
1220 556 1287 605 de
1327 553 1575 604 hibernis
1617 553 1896 619 legionum

152 652 207 695 et
247 644 600 710 possessione
633 643 963 694 dubitatum.
1036 642 1123 692 Ita
1150 658 1274 691 cum
1304 641 1505 690 damna
1532 639 1746 690 damnis
1777 656 1900 689 con-

151 730 503 780 tinuarentur
547 737 713 794 atque
760 729 939 778 omnis
987 744 1165 778 annus
1211 724 1500 776 funeribus
1548 733 1603 775 et
1651 724 1897 775 cladibus

152 815 527 881 insigniretur,
573 815 906 879 poscebatur
948 830 1041 863 ore
1085 812 1237 878 vulgi
1280 812 1390 862 dux
1432 810 1714 877 Agricola,
1759 826 1901 860 corn-

152 901 474 967 parantibus
504 899 721 951 cunctis
750 899 997 966 vigorem
1033 906 1088 949 et
1121 897 1494 949 constantiam
1525 904 1580 947 et
1610 903 1899 961 expertum

152 986 311 1038 bellis
376 986 619 1037 animum
673 1003 798 1037 cum
853 984 1054 1035 inertia
1105 992 1160 1034 et
1212 981 1509 1034 formidine
1571 990 1895 1033 ceterorum.

154 1072 371 1139 Quibus
437 1071 785 1122 sermonibus
851 1070 986 1121 satis
1040 1077 1260 1121 constat
1316 1067 1624 1119 Domitiani
1683 1083 1901 1133 quoque

151 1175 311 1209 aures
375 1158 712 1219 verberataS,
774 1157 904 1207 dum
970 1156 1213 1222 optimus
1279 1155 1511 1221 quisque
1575 1153 1898 1204 libertorum

152 1261 337 1296 amore
384 1252 439 1294 et
485 1244 608 1306 fide,
658 1243 885 1309 pessimi
938 1242 1286 1308 malignitate
1339 1248 1394 1291 et
1448 1240 1619 1290 livore
1665 1255 1899 1305 pronum

152 1330 518 1382 deterioribus
572 1329 877 1395 principem
932 1328 1379 1379 exstimulabant.
1487 1326 1580 1377 Sic
1633 1325 1902 1391 Agricola

153 1416 315 1467 simul
353 1416 466 1466 suis
503 1415 819 1476 virtutibuS,
852 1414 1015 1465 simul
1042 1414 1193 1465 vitiis
1231 1413 1460 1464 aliorum
1489 1412 1545 1462 in
1575 1411 1750 1478 ipsam
1791 1411 1902 1477 glo-

152 1502 287 1553 riam
316 1518 579 1568 praeceps
608 1501 890 1567 agebatur.
1875 1512 1895 1542 v

223 1603 360 1640 XL11.
416 1588 631 1638 Aderat
678 1587 789 1653 jam
836 1603 1031 1649 annm,
1077 1603 1184 1653 quo
1230 1583 1683 1652 proconsulatum
1723 1582 1901 1634 Asiae

151 1681 208 1727 et
247 1672 475 1725 Africae
519 1674 826 1742 sortiretur,
860 1681 914 1724 et
957 1673 1140 1725 occiso
1171 1672 1362 1724 Civica
1401 1688 1578 1738 nuper
1605 1687 1708 1721 nec
1737 1669 1902 1736 Agri-

151 1760 305 1814 colae
368 1760 660 1812 consilium
727 1760 933 1822 deerat,
1001 1776 1103 1810 nec
1170 1758 1494 1809 Domitiano
1566 1755 1895 1822 exemplum.

151 1847 464 1898 Accessere
517 1846 737 1913 quidam
791 1845 1192 1912 cogitationum
1248 1843 1513 1911 principis
1572 1842 1752 1909 periti,
1808 1841 1900 1908 qui

151 1933 402 1984 iturusne
443 1941 593 1984 esset
636 1933 691 1982 in
733 1932 1071 1998 provinciam
1115 1931 1259 1982 ultro
1304 1929 1629 1997 Agricolam
1671 1928 1901 1979 interro-

151 2027 362 2087 garent.
442 2019 532 2070 Ac
573 2018 750 2085 primo
791 2018 1062 2069 occultius
1097 2017 1340 2084 quietem
1371 2024 1426 2067 et
1455 2016 1629 2066 otium
1659 2014 1896 2075 laudare,

151 2123 279 2156 mox
317 2122 540 2172 operam
583 2122 736 2156 suam
778 2104 834 2155 in
875 2105 1230 2170 approbanda
1270 2102 1626 2154 excusatione
1667 2097 1899 2162 offerre;

150 2200 432 2258 postremo
491 2208 604 2242 non
667 2191 778 2257 jam
838 2191 1058 2241 obscuri
1119 2190 1420 2241 suadentes
1477 2186 1640 2238 simul
1692 2195 1901 2237 terren-

150 2285 347 2344 tesque
389 2286 707 2344 pertraxere
746 2277 814 2327 ad
852 2277 1251 2327 Domitianum.
1324 2275 1434 2341 Qui
1473 2281 1697 2340 paratus
1738 2272 1902 2322 simu-

150 2363 372 2426 latione,
428 2364 484 2414 in
537 2363 908 2429 arrogantiam
962 2362 1319 2428 composituS,
1376 2368 1431 2412 et
1478 2360 1651 2410 audiit
1704 2375 1898 2425 preces

151 2449 485 2512 excusantis,
534 2457 590 2500 et
637 2466 762 2500 cum
808 2449 1114 2510 annuisset,
1163 2448 1253 2515 agi
1301 2447 1404 2498 sibi
1451 2445 1658 2512 gratias
1703 2460 1898 2510 passus

150 2544 252 2598 est,
282 2553 385 2586 nec
415 2535 633 2586 erubuit
662 2535 920 2586 beneficii
954 2534 1173 2586 invidia.
1244 2532 1518 2585 Salarium
1546 2539 1750 2592 tamen,
1781 2547 1902 2596 pro-

150 2621 365 2672 consuli
393 2621 668 2672 consulari
698 2621 923 2672 solitum
952 2618 1139 2671 offerri
1168 2627 1223 2671 et
1257 2619 1586 2686 quibusdam
1615 2634 1647 2667 a
1682 2633 1742 2667 se
1779 2616 1899 2681 ipso

150 2724 478 2758 concessum
530 2707 832 2774 Agricolae
889 2724 1001 2757 non
1054 2706 1244 2769 dedit;
1309 2705 1426 2756 sive
1484 2701 1733 2755 offensus
1786 2717 1899 2751 non

149 2793 403 2860 petitum,
452 2793 568 2844 sive
616 2810 684 2844 ex
729 2793 1087 2855 conscientia,
1136 2784 1400 2859 nequod
1451 2796 1706 2842 vetuerat
1753 2787 1901 2838 vide-

148 2887 303 2930 retur
360 2879 578 2930 emisse.
684 2879 970 2945 Proprium
1023 2878 1250 2929 humani
1303 2877 1513 2944 ingenii
1573 2883 1658 2927 est
1714 2873 1900 2925 odisse

150 2981 314 3030 quem
343 2964 568 3015 laeseris
592 2982 602 3027 ;
641 2964 948 3015 Domitiani
969 2981 1099 3015 vero
1129 2972 1339 3025 natura,
1366 2979 1630 3029 praeceps
1661 2961 1716 3011 in
1745 2959 1896 3020 iram,

150 3057 206 3101 et
247 3067 354 3116 quo
394 3050 693 3112 obscurior,
725 3067 789 3101 eo
831 3050 1255 3112 irrevocabilior‚
1292 3048 1673 3099 moderatione
1709 3054 1898 3096 tamen

151 3135 554 3203 prudentiaque
574 3135 874 3203 Agricolae
903 3135 1229 3197 leniebatur,
1255 3135 1382 3202 quia
1409 3150 1521 3185 non
1550 3129 1902 3185 contumacia

1960 1004 2000 1024 10

1960 1434 1999 1463 15

1959 1865 2000 1886 20

1959 2298 1997 2327 25

1958 3154 1998 3186 35
