2179 3423
169 1058 208 1079 10

168 1483 206 1514 15

164 1917 207 1940 20

164 2347 203 2377 25

164 2776 204 2806 30

165 3201 204 3231 35

271 113 342 152 20
667 162 675 175 k
809 97 861 152 T
853 97 919 148 lle
955 96 1085 163 Lffe
1123 97 1188 163 of
1213 95 1483 164 Agricola.

269 255 532 305 adversus
586 251 760 318 ipsam
814 267 997 301 rerum
1046 257 1299 300 naturam
1347 265 1484 316 opus
1531 247 1652 313 fuit,
1702 269 1883 320 neque
1929 270 2017 305 me

269 340 503 390 militum
545 355 725 404 neque
758 352 856 387 vos
891 336 1045 387 ducis
1087 337 1373 402 paenituit.
1458 337 1608 404 Ergo
1651 341 1875 405 egressi,
1913 357 2016 406 ego

241 420 515 476 ‘veterum
559 425 882 490 legatorum,
922 439 1020 472 vos
1062 423 1304 487 priorum
1347 424 1687 474 exercituum
1731 426 2012 488 terminos,

268 512 435 562 finem
478 509 796 560 Britanniae
838 524 949 557 non
990 506 1136 557 sama
1177 525 1279 558 nec
1322 525 1554 568 rumore,
1588 511 1683 560 sed
1725 512 1919 562 castris
1961 520 2016 562 et

268 598 431 648 armis
473 605 743 647 tenemus.
827 594 1065 643 Inventa
1106 593 1394 644 Britannia
1434 602 1488 644 et
1530 596 1770 648 subacta.
1854 597 2017 664 Equi-

267 685 392 734 dem
440 699 604 748 saepe
651 682 706 731 in
754 680 990 746 agmine,
1035 696 1159 730 cum
1200 696 1299 730 vos
1347 680 1575 746 paludes
1623 691 1913 734 montesve
1960 691 2015 734 et

266 769 494 819 flumina
524 767 838 834 fatigarent,
868 764 1156 816 fortissimi
1198 765 1468 832 cujusque
1496 783 1663 818 voces
1692 769 1980 819 audiebam
2005 788 2015 820 ε
2070 832 2072 835 v

265 857 483 922 quando
513 855 731 904 dabitur
770 853 963 913 hostiS,
997 852 1216 918 quando
1258 853 1440 902 acies?
1516 853 1783 915 Veniunt,
1817 872 1846 905 e
1886 855 2017 906 late-

265 942 377 992 bris
407 941 518 991 suis
548 940 788 1001 eXt1·usi;
830 948 884 989 et
913 947 1042 988 vota
1069 939 1354 1004 virtusque
1389 939 1443 988 in
1482 949 1688 1005 aperto,
1721 941 2014 1007 omniaque

265 1045 439 1094 prona
465 1026 781 1085 victoribus
814 1034 978 1091 atque
1016 1025 1207 1075 eadem
1237 1024 1398 1075 victis
1436 1026 1678 1077 adversa.
1763 1027 1921 1086 Nam,
1955 1036 2014 1078 ut

266 1130 555 1180 superasse
620 1120 836 1163 tantum
902 1111 1131 1171 itineriS‚
1197 1111 1362 1161 silvas
1427 1112 1685 1172 evasisse,
1746 1114 2013 1165 transisse

264 1200 538 1252 aestuaria
570 1199 858 1265 pulchrum
898 1215 959 1248 ac
988 1199 1249 1248 decorum
1292 1197 1346 1247 in
1387 1195 1660 1260 frontem;
1701 1199 1776 1250 ita
1802 1197 2014 1266 fugien-

264 1288 411 1337 tibus
464 1285 944 1352 periculosissima,
1001 1301 1139 1350 quae
1204 1284 1368 1334 hodie
1433 1286 1803 1350 prosperrima
1864 1295 2011 1336 sunt.

266 1373 464 1440 Neque
494 1373 639 1424 enim
669 1371 828 1422 nobis
858 1379 951 1421 aut
979 1371 1224 1422 locorum
1263 1371 1455 1421 eadem
1498 1372 1695 1422 notitia
1735 1381 1829 1422 aut
1871 1390 2013 1422 com-

264 1468 543 1511 meatuum
575 1460 766 1510 eadem
796 1457 1162 1519 abundantia3
1204 1458 1301 1507 sed
1342 1475 1539 1508 manus
1582 1466 1635 1508 et
1677 1475 1827 1508 arma
1863 1467 1918 1509 et
1954 1459 2011 1508 in

264 1547 349 1598 his
391 1547 587 1598 omnia.
671 1545 836 1612 Quod
876 1545 942 1594 ad
984 1561 1072 1594 me
1112 1543 1328 1605 attinet,
1359 1544 1470 1610 jam
1508 1545 1718 1611 pridem
1758 1545 1892 1595 mibi
1925 1546 2013 1596 de-

264 1641 473 1684 cretum
505 1641 589 1684 est
618 1649 798 1699 neque
828 1631 1102 1682 exercitus
1132 1647 1313 1698 neque
1342 1631 1496 1682 ducis
1526 1640 1683 1698 terga
1711 1640 1831 1682 tuta
1868 1649 2005 1684 esse.

265 1720 501 1770 Proinde
531 1728 586 1770 et
613 1720 852 1769 honesta
873 1735 1020 1768 mors
1051 1718 1196 1783 turpi
1218 1718 1332 1768 vita
1353 1719 1548 1784 potior,
1575 1727 1630 1768 et
1660 1718 2010 1769 incolumitas

263 1824 325 1857 ac
354 1808 522 1857 decus
561 1807 755 1856 eodem
784 1806 905 1856 loco
936 1805 1041 1855 sita
1068 1812 1233 1865 sunt3
1274 1821 1378 1855 nec
1416 1805 1712 1871 inglorium
1746 1802 1912 1856 fuerit
1954 1806 2009 1855 in

263 1893 382 1959 ipso
436 1902 704 1944 terrarum
757 1909 819 1943 ac
873 1900 1103 1942 naturae
1157 1892 1268 1942 fine
1316 1892 1645 1942 cecidissem
1697 1907 1891 1943 XXXIV.
1951 1892 2010 1943 Si

263 1997 439 2030 novae
486 1988 684 2046 gentes
733 1987 899 2045 atque
947 1978 1138 2044 ignota
1180 1978 1326 2028 acies
1375 1978 1736 2037 constitisset,
1780 1978 2009 2029 aliorum

263 2066 603 2117 exercituum
641 2065 907 2130 exemplis
935 2081 1033 2114 vos
1075 2065 1357 2126 hortarer;
1399 2081 1546 2115 nunc
1588 2072 1772 2114 vestra
1811 2065 2011 2115 decora

261 2161 567 2212 recensete,
609 2160 827 2202 vestros
880 2150 1070 2201 oculos
1123 2150 1477 2216 interrogate.
1562 2150 1640 2200 Hi
1688 2158 1817 2200 sunt
1872 2168 2009 2217 quos

261 2239 509 2305 proximo
557 2255 702 2289 anno
750 2255 915 2288 unam
961 2236 1239 2302 legionem
1286 2235 1434 2286 furto
1482 2236 1662 2287 noctis
1715 2253 2009 2303 aggressos

263 2326 500 2376 clamore
553 2324 905 2385 debellastis;
958 2323 1014 2373 hi
1062 2331 1373 2373 ceterorum
1428 2323 1820 2373 Britannorum
1860 2320 2009 2389 fuga-

262 2411 483 2472 cissimi,
515 2411 748 2476 ideoque
789 2418 900 2460 tam
943 2409 1036 2459 diu
1077 2409 1422 2474 superstites,
1505 2409 1800 2475 Quomodo
1846 2409 2008 2459 silvas

263 2498 545 2564 saltusque
599 2496 1022 2562 penetrantibus
1075 2493 1442 2545 fortissimum
1498 2496 1753 2562 quodque
1808 2495 2006 2546 animal

263 2592 456 2635 contra
483 2600 655 2643 ruere,
687 2583 884 2649 pavida
911 2590 967 2632 et
1007 2581 1206 2632 inertia
1245 2581 1364 2647 ipso
1406 2581 1642 2647 agminis
1676 2598 1812 2631 sono
1847 2581 2006 2646 pelles

261 2671 476 2730 bantur,
533 2670 610 2721 sic
663 2668 913 2720 acerrimi
967 2668 1359 2736 Britannorum
1399 2667 1511 2733 jam
1548 2667 1759 2733 pridem
1804 2668 2009 2718 cecide*
2050 2724 2052 2727 .

261 2764 404 2815 runt,
444 2756 686 2822 reliquus
730 2762 815 2805 est
856 2771 1119 2804 numerus
1160 2753 1484 2819 ignavorum
1527 2762 1582 2803 et
1623 2754 2004 2805 metuentium.

262 2842 420 2909 Quos
458 2843 603 2909 quod
644 2842 869 2891 tandem
910 2840 1219 2899 invenistis,
1261 2857 1372 2889 non
1414 2840 1754 2899 restiterunt,
1793 2840 1889 2889 sed
1923 2840 2006 2890 de«

260 2928 522 2994 prehensi
557 2935 718 2987 sunt3
760 2926 1094 2976 novissimae
1123 2942 1210 2975 res
1241 2933 1295 2975 et
1325 2933 1570 2975 extremo
1600 2933 1751 2974 metu
1781 2942 2009 2990 corpora

262 3014 502 3064 defixere
543 3013 716 3065 aciem
757 3013 813 3061 in
854 3012 939 3062 his
979 3011 1230 3076 vestigiis
1279 3011 1333 3060 in
1376 3011 1573 3077 quibus
1621 3011 1905 3075 pulchram
1954 3018 2009 3061 et

263 3099 622 3165 spectabilem
660 3098 947 3148 victoriam
992 3097 1244 3148 ederetis,
1326 3096 1646 3162 Transigite
1687 3113 1812 3146 cum
1853 3112 2010 3161 expe-

263 3185 565 3237 ditionibus
586 3201 598 3248 3
639 3183 908 3250 imponite
931 3182 1334 3251 quinquaginta
1360 3182 1521 3233 annis
1550 3198 1812 3249 magnum
1835 3181 1980 3233 diem
1995 3197 2010 3247 3

2002 3298 2021 3307 η
