2179 3423
374 738 608 813 THE
683 736 934 812 LIFE
1009 735 1154 812 OF
1227 729 1834 810 AGRICOLA0

989 956 1218 977 ——000———-

305 1142 337 1178 1.
396 1125 733 1177 CLARORUM
777 1121 1019 1173 virorum
1065 1117 1213 1171 facta
1254 1134 1548 1186 moresque
1593 1115 1831 1184 posteris
1878 1123 1981 1168 tra-

233 1213 376 1272 dere,
406 1211 711 1278 antiquitus
740 1209 1021 1267 usitatum,
1053 1223 1123 1257 ne
1153 1206 1358 1256 nostris
1388 1205 1608 1272 quidem
1637 1203 1979 1270 temporibus

230 1315 563 1366 quamquam
628 1296 904 1347 incuriosa
969 1310 1192 1345 suorum
1251 1300 1403 1343 aetas
1462 1290 1662 1352 omisit,
1724 1289 1981 1357 quotiens

230 1402 434 1452 magna
468 1384 648 1451 aliqua
683 1400 745 1434 ac
783 1380 982 1432 nobilis
1021 1380 1194 1430 virtus
1232 1379 1365 1429 vicit
1401 1395 1464 1429 ac
1501 1393 1861 1443 supergressa
1896 1383 1982 1427 est

231 1472 426 1522 vitium
463 1470 645 1536 parvis
679 1469 1006 1535 magnisque
1037 1466 1352 1517 civitatibus
1387 1481 1698 1526 commune,
1730 1462 1985 1530 ignoran-

232 1558 366 1609 tiam
394 1557 532 1608 recti
560 1564 616 1607 et
644 1556 918 1607 invidiam.
988 1553 1099 1605 Sed
1128 1553 1273 1619 apud
1302 1552 1512 1618 priores
1541 1559 1603 1602 ut
1630 1567 1795 1618 agere
1817 1550 1985 1617 digna

233 1652 541 1695 memoratu
570 1660 805 1709 pronum
839 1640 1126 1708 magisque
1160 1640 1216 1689 in
1250 1647 1441 1705 aperto
1475 1646 1607 1700 erat,
1639 1638 1716 1688 ita
1747 1636 1985 1688 celeber-

234 1731 404 1781 rimus
433 1730 664 1797 quisque
693 1728 917 1795 ingenio
947 1728 1015 1778 ad
1037 1727 1378 1793 prodendam
1400 1725 1621 1776 virtutis
1644 1723 1980 1785 memoriam,

236 1817 356 1868 sine
402 1817 579 1883 gratia
623 1824 718 1866 aut
760 1815 1078 1876 ambitione,
1122 1814 1303 1864 bonae
1346 1820 1564 1863 tantum
1608 1810 1985 1862 conscientiae

236 1904 412 1970 pretio
442 1904 760 1955 ducebatur.
841 1902 930 1952 Ac
960 1900 1209 1967 plerique
1238 1917 1394 1950 suam
1425 1898 1530 1965 ipsi
1557 1898 1726 1949 vitam
1763 1914 1986 1949 narrare

237 1990 492 2041 fiduciam
516 1990 699 2055 potius
723 2006 938 2038 morum
979 2005 1143 2054 quam
1166 1986 1538 2053 arrogantiam
1561 1984 1810 2036 arbitrati
1838 1992 1982 2044 sunt,

237 2094 341 2128 nec
384 2076 439 2127 id
481 2076 692 2127 Rutilio
734 2083 790 2126 et
831 2075 1037 2127 Scauro
1081 2073 1219 2124 citra
1258 2073 1424 2123 fidem
1462 2079 1557 2143 aut
1593 2069 1986 2123 obtrectationi

235 2160 374 2224 fuit;
414 2163 550 2214 adeo
580 2162 814 2212 virtutes
845 2161 1041 2211 iisdem
1071 2159 1415 2225 temporibus
1450 2158 1658 2224 optime
1698 2156 1989 2208 aestiman-

238 2258 340 2308 tur,
396 2248 594 2315 quibus
646 2245 908 2298 facillime
961 2247 1282 2313 gignuntur.
1363 2244 1447 2296 At
1499 2261 1648 2295 nunc
1700 2251 1987 2294 narraturo

238 2335 372 2386 mihi
399 2335 568 2385 vitam
596 2331 847 2385 defuncti
875 2333 1130 2393 hominiS,
1156 2332 1319 2382 venia
1347 2348 1485 2397 opus
1512 2328 1649 2393 fuit;
1689 2347 1852 2397 quam
1875 2347 1988 2379 non

237 2421 504 2489 petissem
552 2420 905 2471 incusaturus
959 2427 1071 2470 tam
1126 2435 1291 2470 saeva
1336 2425 1392 2471 et
1442 2415 1648 2470 infesta
1690 2415 1989 2469 virtutibus

237 2515 503 2573 tempora.

312 2610 369 2647 Π.
428 2593 710 2660 LegimUS,
743 2610 868 2644 cum
905 2591 1160 2642 Aruleno
1204 2590 1439 2642 Rustico
1483 2590 1683 2641 Paetus
1723 2590 1987 2650 Thrasea,

241 2680 532 2732 Herennio
577 2678 876 2731 Senecioni
918 2678 1136 2729 Priscus
1187 2677 1484 2730 Helvidius
1529 2675 1736 2727 laudati
1782 2682 1988 2738 essent,

239 2766 473 2834 capitale
511 2763 719 2828 fuisse3
765 2782 948 2832 neque
989 2765 1044 2816 in
1086 2765 1241 2831 ipsos
1277 2764 1441 2815 modo
1482 2771 1753 2824 auctoreS,
1797 2762 1894 2813 sed
1934 2760 1991 2812 in

239 2852 407 2904 libros
448 2869 667 2919 quoque
707 2868 898 2902 eorum
940 2851 1227 2912 saevitum,
1267 2850 1524 2916 delegato
1562 2848 1862 2903 triumviris
1899 2846 1994 2898 mi-

240 2939 484 3000 nisterio,
535 2946 597 2988 ut
648 2946 1013 2988 monumenta
1058 2937 1490 2988 clarissimorum
1537 2935 1887 3002 ingeniorum
1935 2933 1992 2984 in

241 3025 464 3076 comitio
517 3042 580 3075 ac
625 3021 745 3074 foro
800 3031 1106 3075 urerentur.
1191 3022 1418 3074 Scilicet
1471 3021 1564 3072 illo
1617 3022 1746 3088 igne
1797 3037 1993 3072 vocem

240 3111 429 3178 populi
478 3109 719 3161 Romani
766 3117 823 3160 et
868 3109 1183 3161 libertatem
1225 3116 1453 3159 senatus
1495 3115 1551 3159 et
1592 3107 1994 3159 conscientiam

241 3196 464 3264 generis
497 3195 725 3255 humani
765 3194 973 3248 aboleri
1012 3195 1438 3256 arbitrabantur,
1483 3192 1725 3266 expulsis
1766 3193 1996 3260 insuper

1685 3303 1702 3334 1

2062 1485 2081 1517 5

2045 1925 2086 1946 10

2051 2783 2093 2804 20

2053 3217 2094 3249 25
