2179 3423
149 1078 188 1098 10

150 1510 186 1539 15

146 1942 187 1962 20

145 2371 184 2401 25

145 2801 185 2831 30

147 3231 184 3261 35

255 109 285 157 8
796 106 905 159 Tlce
941 108 1072 175 Lzse
1109 109 1175 174 os
1199 108 1469 178 Agricola.

253 274 482 326 Caelum
524 275 731 326 crebris
773 276 1042 326 imbribus
1083 293 1146 327 ac
1187 276 1405 326 nebulis
1433 273 1656 327 foedum
1679 293 1691 340 ;
1731 280 2000 344 asperitas

249 357 517 427 frigorum
547 362 718 413 abest.
802 361 1033 411 Dierum
1064 361 1243 427 spatia
1277 361 1420 412 ultra
1458 362 1635 412 nostri
1676 364 1824 414 orbis
1853 382 2002 416 men-

251 463 471 509 suram3
512 465 620 497 nox
663 447 808 498 clara
851 455 905 497 et
954 455 1201 497 extrema
1239 447 1559 499 Britanniae
1599 456 1755 513 parte
1797 450 1997 512 brevis,

250 540 310 582 ut
355 533 522 582 finem
569 541 736 599 atque
778 533 995 582 initium
1038 532 1176 582 lucis
1218 533 1415 598 exiguo
1469 533 1791 585 discrimine
1837 535 2002 586 inter-

248 636 461 670 noscas,
533 619 696 685 Quod
726 619 771 668 si
818 619 995 669 nubes
1024 635 1135 668 non
1165 619 1426 680 officiant,
1451 619 1624 685 aspici
1651 637 1750 685 per
1776 630 1998 672 noctem

248 705 380 756 solis
422 702 713 771 fulgorem,
744 722 848 756 nec
887 705 1139 755 occidere
1182 713 1235 755 et
1279 722 1592 771 exsurgere,
1626 707 1723 756 sed
1763 707 2000 758 transire

247 791 537 843 affirmant.
621 791 848 842 Scilicet
890 799 1136 841 extrema
1176 799 1231 841 et
1271 791 1435 857 plana
1474 799 1761 852 terrarum,
1805 793 2001 843 humili

247 883 455 945 umbra,
487 900 599 933 non
642 882 864 949 erigunt
904 883 1179 945 tenebras,
1213 881 1464 949 infraque
1493 883 1703 934 caelum
1735 892 1790 934 et
1821 885 2002 936 sidera

246 986 356 1020 nox
407 969 567 1021 cadit.
652 969 859 1032 Solum,
909 959 1129 1035 praeter
1172 968 1348 1020 oleam
1389 969 1671 1036 vitemque
1720 978 1773 1020 et
1817 979 2001 1022 cetera

246 1055 599 1107 calidioribus
653 1056 817 1106 terris
871 1055 998 1106 oriri
1046 1064 1218 1117 sueta,
1261 1056 1479 1121 patiens
1534 1053 1772 1122 frugum,
1814 1054 2002 1108 fecun-

245 1143 412 1205 dum3
451 1143 608 1192 tarde
650 1142 967 1204 mitescunt,
1000 1142 1110 1192 cito
1152 1141 1502 1207 proveniunt,
1535 1137 1838 1209 eademque
1872 1143 2002 1193 utri-

245 1245 419 1295 usque
485 1228 565 1278 rei
626 1245 804 1289 causa,
860 1227 1066 1277 multus
1138 1229 1335 1277 humor
1398 1235 1667 1277 terrarum
1735 1229 1995 1295 caelique.

248 1315 382 1365 Fert
435 1314 723 1365 Britannia
780 1331 971 1363 aurum
1027 1321 1081 1363 et
1130 1322 1423 1379 argentum
1479 1321 1532 1363 et
1599 1314 1705 1364 alia
1757 1315 1996 1376 metalla,

245 1401 484 1467 pretium
531 1401 812 1451 victoriae.
897 1399 1091 1466 Gignit
1141 1407 1194 1450 et
1249 1417 1489 1450 oceanus
1543 1401 1855 1466 margarita,
1901 1402 1998 1452 sed

246 1485 509 1538 subfusca
536 1504 599 1538 ac
628 1486 871 1538 liventia.
956 1486 1194 1552 Quidam
1225 1495 1400 1536 artem
1442 1487 1639 1536 abesse
1680 1486 1997 1552 legentibus

243 1574 618 1636 arbitrantur;
659 1591 785 1623 nam
816 1573 871 1623 in
914 1574 1077 1623 rubro
1115 1573 1252 1622 mari
1279 1573 1404 1623 viva
1443 1591 1504 1623 ac
1546 1573 1813 1638 spirantia
1852 1574 1997 1624 saxis

243 1660 420 1721 avelli,
477 1660 532 1710 in
587 1659 876 1710 Britannia
939 1667 1102 1725 prout
1169 1659 1397 1725 expulsa
1450 1659 1563 1709 sint
1617 1659 1839 1725 colligi3
1893 1677 1996 1725 ego

243 1743 458 1796 facilius
512 1745 839 1796 crediderim
894 1753 1148 1795 naturam
1202 1745 1516 1811 margaritis
1571 1746 1767 1796 deesse
1833 1763 1995 1811 quam

243 1831 403 1881 nobis
445 1832 743 1883 avaritiam.

317 1932 440 1968 XIII.
499 1916 613 1982 Ipsi
660 1914 912 1966 Britanni
955 1913 1231 1965 delectum
1279 1931 1341 1964 ac
1388 1914 1593 1964 tributa
1638 1922 1694 1965 et
1740 1914 1991 1980 injuncta

244 2002 459 2069 imperii
489 2020 715 2053 munera
743 2001 975 2068 impigre
1016 2002 1238 2061 obeunt,
1272 2001 1317 2050 si
1358 2000 1592 2066 injuriae
1633 2001 1849 2062 absint3
1890 2002 1991 2052 has

244 2106 408 2155 aegre
437 2089 690 2149 tolerant,
722 2088 833 2155 jam
864 2087 1056 2138 domiti
1085 2095 1144 2137 ut
1172 2094 1417 2152 pareant,
1450 2087 1696 2136 nondum
1726 2094 1786 2136 ut
1827 2087 1993 2137 servi-

243 2184 352 2227 ant.
436 2176 613 2242 Igitur
652 2175 860 2241 primus
902 2174 1147 2224 omnium
1191 2174 1570 2223 Romanorum
1612 2173 1769 2222 divus
1809 2173 1989 2238 Julius

243 2279 368 2313 cum
398 2262 641 2313 exercitu
671 2261 1014 2311 Britanniam
1044 2260 1343 2326 ingressus,
1366 2276 1694 2325 quamquam
1725 2276 1991 2324 prospera

243 2366 431 2415 pugna
457 2348 713 2399 terruerit
743 2347 951 2398 incolas
980 2364 1042 2397 ac
1071 2347 1231 2396 litore
1253 2345 1463 2411 potitus
1495 2345 1579 2405 sit,
1606 2353 1792 2410 potest
1814 2345 1991 2395 videri

243 2435 557 2486 ostendisse
598 2434 849 2500 posteriS‚
890 2450 1003 2483 non
1044 2432 1351 2483 tradidisse.
1434 2431 1568 2481 Mox
1607 2430 1752 2481 bella
1791 2430 1986 2492 civilia,

243 2529 299 2572 et
351 2521 407 2571 in
460 2520 854 2586 rempublicam
906 2536 1067 2570 versa
1118 2518 1429 2584 principum
1482 2534 1644 2578 arma,
1701 2533 1763 2567 ac
1821 2516 1990 2582 longa

242 2607 444 2657 oblivio
486 2607 806 2657 Britanniae
847 2605 1012 2656 etiam
1053 2604 1108 2654 in
1149 2621 1298 2669 pace.
1383 2602 1690 2653 Consilium
1737 2602 1791 2652 id
1827 2602 1987 2653 divus

241 2692 535 2761 Augustus
554 2691 1070 2752 vocabat‚Tiberius
1090 2697 1460 2755 praeceptum.
1503 2687 1770 2754 Agitasse
1788 2687 1985 2740 Gaium
2043 2732 2046 2736 .

244 2779 538 2829 Caesarem
567 2780 634 2829 de
668 2778 924 2828 intranda
964 2776 1252 2826 Britannia
1291 2775 1424 2825 satis
1466 2781 1699 2835 constat,
1732 2773 1788 2823 ni
1826 2774 1989 2824 velox

242 2866 483 2931 ingeni0‚
515 2865 731 2915 mobilis
761 2862 1151 2929 paenitentiae,
1184 2869 1239 2912 et
1268 2861 1528 2926 ingentes
1562 2860 1826 2910 adversus
1857 2858 1989 2909 Ger-

242 2952 479 3001 maniam
510 2958 740 3002 conatus
769 2948 975 3000 frustra
1006 2946 1259 2998 fuissent.
1342 2946 1520 2996 Divus
1564 2945 1826 2996 Claudius
1867 2961 1988 2995 auc-

243 3046 330 3087 tor
370 3037 550 3088 iterati
592 3037 787 3103 operis,
833 3034 1163 3086 transvectis
1204 3032 1517 3098 legionibus
1561 3031 1884 3096 auxiliisque
1931 3036 1988 3080 et

241 3132 524 3189 assumpto
566 3124 620 3173 in
662 3130 875 3189 partem
916 3138 1097 3171 rerum
1149 3118 1529 3184 Vespasian03
1583 3117 1726 3183 quod
1767 3115 1986 3166 initium

241 3220 509 3261 venturae
562 3226 689 3260 mox
738 3206 996 3259 fortunae
1046 3204 1165 3257 fuit.
1260 3204 1522 3256 Domitae
1573 3209 1787 3270 genteS,
1837 3200 1985 3268 capti

241 3312 417 3364 regeS,
464 3305 520 3347 et
562 3302 903 3346 monstratus
945 3290 1074 3344 fatis
1116 3290 1511 3357 Vespasianus
