2179 3423
746 46 928 97 Death
966 47 1032 112 of
1058 46 1328 113 Agricola.
1846 61 1913 115 27

168 207 407 268 erethS,
438 206 706 267 quantum
734 198 801 250 ad
830 197 1075 265 gloriam,
1107 196 1493 265 longissimum
1531 216 1727 251 aevum
1765 218 1915 267 pere-

167 287 280 355 git3
321 287 524 354 quippe
553 294 607 337 et
641 303 771 336 vera
810 286 968 347 bona,
1000 301 1139 351 quae
1180 285 1235 334 in
1276 285 1576 336 virtutibus
1620 286 1725 337 sita
1766 296 1910 350 sunt,

167 374 508 439 impleverat,
555 380 610 423 et
658 371 933 422 consulari
974 388 1036 422 ac
1090 371 1517 437 triumphalibus
1573 374 1913 424 ornamentis

166 459 416 525 praedito
454 458 584 525 quid
621 458 768 507 aliud
797 458 1082 507 adstruere
1110 454 1335 507 fortuna
1363 461 1619 523 poterat?
1698 458 1913 525 Opibus

166 545 350 595 nimiis
380 561 490 594 non
525 544 816 609 gaudebat,
849 543 1132 608 speciosae
1156 543 1522 610 contigerant.
1582 544 1723 594 Filia
1749 553 1914 611 atque

166 647 334 681 uxore
357 629 767 695 superstitibus,
793 637 978 694 potest
1002 629 1175 680 videri
1199 630 1365 680 etiam
1388 630 1614 692 beatus;
1652 631 1914 681 incolumi

165 716 452 782 dignitate,
484 715 717 766 florente
757 713 916 777 fama,
962 715 1126 765 salvis
1169 716 1532 766 affinitatibus
1568 725 1623 767 et
1655 717 1913 767 amicitiis

164 799 352 851 futura
391 798 669 867 effugisse.
753 801 897 851 Nam
927 801 1090 852 sicuti
1118 820 1220 852 πονε
1253 802 1412 852 lz'cnz't
1436 803 1632 853 durare
1673 803 1728 852 in
1771 804 1913 854 hanc

165 887 472 938 beatissimi
501 886 705 937 saeculi
733 886 914 938 lucem
943 904 1005 938 ac
1035 887 1342 954 principem
1372 888 1677 954 Trajanum
1706 889 1911 952 videre,

166 973 311 1039 quod
347 973 576 1039 augurio
603 973 860 1039 votisque
900 974 1044 1039 apud
1084 982 1303 1024 nostras
1344 991 1505 1025 aures
1546 974 1912 1037 ominabatur,

167 1058 244 1109 ita
269 1056 567 1110 festinatae
595 1059 790 1109 mortis
819 1060 1028 1126 grande
1057 1060 1321 1111 solacium
1351 1060 1496 1122 tulit,
1522 1061 1767 1112 evasisse
1797 1079 1917 1127 pos-

166 1152 405 1195 tremum
460 1145 594 1195 illud
646 1153 884 1211 tempUS,
933 1163 1041 1213 quo
1090 1147 1447 1197 Domitianus
1495 1164 1606 1197 non
1659 1147 1770 1213 jam
1819 1165 1917 1214 per

167 1230 458 1282 intervalla
502 1248 564 1282 ac
619 1232 958 1297 spiramenta
1009 1240 1339 1298 temporum,
1389 1234 1487 1284 sed
1540 1233 1805 1284 continuo
1860 1242 1916 1285 et

1976 996 2016 1017 10

166 1316 319 1368 velut
359 1335 470 1367 uno
509 1317 624 1368 ictu
653 1318 1049 1382 rempublicam
1093 1318 1361 1370 exhausit.
1443 1334 1570 1370 XLV.
1623 1319 1752 1369 Non
1780 1320 1918 1370 Vidit
1981 1343 1994 1362 1

166 1403 435 1469 Agricola
480 1396 779 1453 obsessam⁰
811 1404 1017 1454 curiam
1066 1413 1120 1454 et
1166 1404 1413 1455 clausum
1455 1406 1621 1456 armis
1663 1414 1917 1457 senatum

167 1497 222 1539 et
267 1490 458 1539 eadem
501 1498 686 1555 strage
728 1498 812 1539 tot
861 1489 1232 1540 consularium
1273 1492 1486 1554 caedes,
1517 1500 1600 1542 tot
1648 1493 1921 1543 nobilissi-

166 1592 377 1625 marum
405 1572 735 1625 feminarum
765 1576 958 1626 exsilia
985 1584 1039 1626 et
1069 1574 1243 1642 fugas
1325 1577 1454 1628 Una
1481 1579 1658 1629 adhuc
1686 1578 1919 1629 victoria

167 1660 342 1711 Carus
373 1661 581 1711 Metius
622 1662 970 1723 censebatur,
1003 1670 1057 1712 et
1097 1662 1242 1713 intra
1277 1663 1557 1713 Albanam
1586 1682 1768 1715 arcem
1799 1682 1919 1715 sen-

163 1747 343 1798 tentia
384 1743 673 1797 Messalini
714 1749 1013 1813 strepebat,
1046 1756 1101 1798 et
1133 1749 1321 1799 Massa
1350 1749 1588 1800 Baebius
1629 1758 1747 1800 tum
1789 1768 1914 1801 reus
1976 1776 1993 1795 2

164 1842 296 1885 erat.
363 1833 496 1883 Mox
535 1841 760 1884 nostrae
799 1834 1004 1884 duxere
1037 1834 1360 1885 Helvidium
1396 1835 1450 1885 in
1492 1853 1768 1886 carcerem
1809 1855 1918 1887 ma-

163 1936 282 1981 nus,
319 1936 420 1970 nos
463 1919 697 1970 Maurici
740 1920 1071 1986 Rusticique
1107 1921 1275 1983 visus,
1325 1939 1425 1971 nos
1470 1921 1755 1973 innocenti
1799 1941 1917 1973 san-

162 2006 331 2072 guine
372 2006 608 2056 Senecio
646 2004 905 2072 perfudit.
987 2007 1139 2057 Nero
1180 2015 1368 2057 tamen
1410 2008 1682 2058 subtraxit
1726 2009 1913 2060 oculos

163 2109 291 2142 suos
351 2088 629 2159 jussitque
680 2092 904 2155 scelera,
954 2110 1066 2143 non
1115 2094 1425 2159 spectavit;
1478 2095 1771 2160 praecipua
1812 2097 1913 2146 sub

162 2178 486 2229 Domitiano
525 2179 871 2230 miseriarum
912 2197 1038 2246 pars
1083 2188 1200 2230 erat
1240 2180 1430 2231 Videre
1474 2189 1528 2230 et
1569 2181 1755 2246 aspici,
1787 2199 1912 2232 cum
1973 2205 2011 2232 2³

162 2265 398 2330 suspiria
448 2273 640 2316 nostra
704 2265 1204 2328 subscriberentur,
1260 2284 1384 2316 cum
1444 2268 1774 2318 denotandis
1827 2276 1912 2318 tot

160 2350 445 2400 hominum
475 2350 774 2416 palloribus
805 2351 1084 2402 sufficeret
1108 2369 1305 2402 saevus
1334 2351 1426 2402 ille
1444 2351 1630 2403 vultus
1654 2361 1709 2403 et
1728 2354 1909 2416 rubor,

161 2453 266 2502 quo
296 2453 356 2486 se
385 2444 579 2486 contra
606 2437 871 2502 pudorem
901 2436 1201 2489 muniebat.

230 2526 318 2577 Tu
345 2542 477 2575 vero
517 2522 664 2587 felix,
709 2523 991 2591 Agricola,
1035 2540 1146 2574 non
1186 2522 1335 2573 vitae
1376 2530 1594 2573 tantum
1640 2521 1906 2584 claritate,

160 2612 258 2663 sed
321 2611 489 2662 etiam
554 2609 973 2676 opportunitate
1037 2608 1247 2660 mortis
1332 2609 1412 2660 Ut
1467 2608 1761 2674 perhibent
1816 2607 1909 2674 qui

160 2694 533 2748 interfuerunt
587 2695 904 2746 novissimis
955 2694 1302 2746 sermonibus
1356 2694 1484 2756 tuiS,
1536 2702 1799 2744 constans
1854 2701 1909 2743 et

114 2818 117 2820 ψ
159 2781 340 2832 libens
368 2779 543 2832 fatum
569 2780 853 2847 excepisti,
879 2788 1161 2846 tamquam
1185 2782 1281 2846 pro
1304 2780 1447 2830 virili
1477 2780 1731 2846 portione
1762 2779 1913 2829 inno-

161 2867 402 2919 centiam
431 2867 666 2933 principi
693 2867 944 2917 donareS.
1007 2866 1118 2917 Sed
1146 2865 1280 2916 mihi
1311 2866 1564 2932 filiaeque
1594 2865 1730 2931 erS,
1763 2881 1913 2930 prae-

161 2960 249 3003 ter
275 2953 636 3003 acerbitatem
674 2953 920 3018 parentis
961 2951 1154 3017 erepti,
1185 2959 1351 3018 auget
1381 2951 1734 3013 maestitiam,
1767 2951 1912 3017 quod

161 3038 407 3089 assidere
458 3037 779 3101 valetudini,
833 3035 1022 3088 fovere
1086 3037 1457 3099 deficientem,
1513 3036 1702 3087 satiari
1754 3036 1912 3086 vultu

161 3122 563 3194 complexuque
616 3140 726 3174 non
779 3123 1051 3191 contigit3
1105 3122 1517 3190 excepissemus
1566 3130 1718 3173 certe
1764 3139 1914 3173 man·
1971 3139 2010 3171 3?
