2179 3423
648 84 717 134 H
713 85 760 135 is
810 84 976 135 Yonll}
1021 85 1136 135 and
1180 83 1456 150 Traz‘nz'flg,
1902 96 1929 147 3

187 240 296 294 tiae
343 241 756 310 sapientiaeque
803 250 983 305 notUS,
1034 242 1209 309 iisque
1262 241 1394 308 ipsis
1446 239 1744 292 virtutibus
1796 257 1931 292 iram

188 329 310 380 Gaii
356 330 607 380 Caesaris
654 329 916 390 meritus;
964 346 1202 395 namque
1251 329 1325 379 M.
1376 328 1626 379 Silanum
1673 344 1933 378 accusare

184 414 371 482 jussus
413 424 482 476 et,
520 416 646 482 quia
685 416 968 474 abnuerat,
1013 413 1342 465 interfectus
1385 422 1483 465 est.
1568 414 1751 464 Mater
1789 414 1934 479 Julia

188 501 419 552 Procilla
454 499 572 562 fuit,
606 519 758 552 rarae
800 502 1086 552 castitatis.
1171 502 1236 550 In
1277 501 1443 566 hujus
1485 500 1609 550 sinu
1650 500 1935 566 indulgen-

186 588 371 654 tiaque
400 589 665 638 educatus
695 605 794 654 per
821 605 1044 638 omnem
1084 588 1443 638 honestarum
1485 587 1683 637 artium
1725 587 1933 637 cultum

186 674 477 740 pueritiam
531 675 1077 740 adolescentiamque
1131 674 1417 740 transegit.
1498 673 1747 724 Arcebat
1808 691 1933 724 eum

185 762 253 811 ab
300 761 573 812 illecebris
629 761 996 827 peccantium,
1048 769 1267 826 praeter
1320 761 1492 825 ipsius
1546 761 1747 810 bonam
1800 760 1936 811 inte-

186 864 452 914 gramque
515 856 784 909 naturam,
850 847 996 914 quod
1055 847 1242 897 statim
1303 846 1562 912 parvulus
1625 847 1813 897 sedem
1872 864 1934 898 ac

187 934 507 1000 magistram
550 935 858 984 studiorum
902 933 1207 984 Massiliam
1250 933 1456 995 habuit,
1499 932 1681 983 locum
1725 933 1936 984 Graeca

187 1020 449 1071 comitate
478 1029 533 1071 et
561 1020 885 1086 provinciali
914 1019 1251 1086 parsimonia
1277 1019 1503 1069 mistum
1532 1036 1595 1070 ac
1623 1019 1766 1070 bene
1795 1037 1937 1070 com-

186 1107 443 1173 positum.
528 1107 800 1157 Memoria
827 1115 993 1157 teneo
1033 1106 1256 1156 solitum
1298 1105 1477 1171 ipsum
1518 1122 1740 1156 narrare
1781 1123 1839 1156 se
1880 1106 1935 1156 in

187 1193 362 1259 prima
388 1193 620 1259 juventa
658 1193 901 1243 studium
943 1192 1326 1258 philosophiae
1366 1191 1559 1251 acriuS,
1592 1192 1735 1242 ultra
1774 1210 1935 1258 quam

188 1297 517 1330 concessum
562 1280 816 1330 Romano
858 1296 920 1329 ac
962 1278 1219 1337 senatori,
1252 1278 1518 1339 hausisse,
1551 1278 1607 1328 ni
1644 1279 1938 1344 prudentia

188 1366 378 1416 matris
432 1366 722 1416 incensum
776 1382 838 1416 ac
893 1364 1221 1431 fiagrantem
1279 1364 1522 1414 animum
1581 1365 1932 1417 coercuisset.

190 1451 416 1503 Scilicet
446 1452 681 1502 sublime
711 1459 766 1502 et
795 1459 1042 1502 erectum
1077 1450 1364 1517 ingenium
1405 1450 1833 1516 pulcritudinem
1875 1469 1936 1502 ac

188 1538 431 1604 speciem
461 1555 694 1604 magnae
724 1538 1086 1604 excelsaeque
1117 1537 1325 1604 gloriae
1353 1537 1740 1588 vehementius
1776 1555 1936 1604 quarn

189 1633 349 1676 caute
378 1626 689 1691 appetebat.
773 1625 907 1675 Mox
935 1625 1210 1691 mitigavit
1238 1624 1377 1675 ratio
1419 1632 1474 1674 et
1513 1632 1696 1686 aetas;
1737 1624 1939 1675 retinu-

187 1710 354 1778 itque,
387 1712 532 1778 quod
562 1719 647 1762 est
675 1711 1074 1771 difficillimum,
1107 1729 1174 1762 eX
1203 1710 1476 1777 sapientia
1503 1712 1742 1762 modum.

260 1814 309 1850 V.
370 1798 548 1848 Prima
576 1806 882 1849 castrorum
912 1799 1228 1848 rudimenta
1255 1798 1310 1848 in
1342 1797 1631 1848 Britannia
1669 1797 1937 1849 Suetonio

189 1884 432 1946 Paulino,
465 1884 718 1951 diligenti
759 1902 821 1935 ac
855 1885 1139 1935 moderato
1182 1884 1322 1945 duci,
1355 1884 1694 1950 approbavit,
1728 1884 1938 1935 electus

188 1988 350 2038 quem
393 1970 759 2022 contubernio
802 1971 1135 2022 aestimaret.
1219 1971 1340 2021 Nec
1382 1970 1650 2037 Agricola
1689 1971 1936 2031 licenter,

186 2075 339 2109 more
375 2058 643 2124 juvenum
673 2057 765 2124 qui
804 2057 1056 2108 militiam
1085 2057 1140 2107 in
1169 2056 1450 2108 lasciviam
1484 2066 1726 2118 vertunt,
1759 2075 1940 2124 neque

187 2145 435 2212 segniter
461 2145 529 2195 ad
556 2144 873 2210 voluptates
903 2152 959 2195 et
988 2152 1331 2196 commeatus
1361 2144 1583 2194 titulum
1625 2144 1939 2195 tribunatus

187 2239 243 2283 et
271 2231 547 2282 inscitiam
577 2232 765 2283 retulit
788 2249 798 2293 ;
841 2232 939 2282 sed
969 2248 1201 2283 noscere
1230 2231 1587 2297 provinciam,
1614 2231 1770 2281 nosci
1794 2248 1942 2281 exer—

186 2317 334 2380 citui,
365 2318 579 2369 discere
613 2336 644 2369 a
675 2318 882 2384 peritis,
917 2319 1071 2385 sequi
1110 2318 1366 2384 optimos
1407 2317 1545 2368 nihil
1583 2325 1847 2383 appetere
1883 2317 1939 2367 in

183 2404 561 2472 jactationem,
594 2405 731 2456 nihil
771 2405 841 2456 ob
877 2402 1233 2456 formidinem
1268 2422 1540 2466 recusare,
1574 2404 1847 2471 simulque
1884 2411 1940 2454 et

185 2492 380 2542 anxius
415 2500 470 2543 et
511 2492 761 2543 intentus
803 2509 982 2559 agere.
1066 2492 1196 2542 Non
1239 2509 1373 2542 sane
1415 2491 1547 2542 alias
1590 2491 1941 2542 exercitatior

185 2578 473 2646 magisque
495 2579 551 2629 in
574 2578 832 2645 ambiguo
858 2579 1146 2629 Britannia
1166 2576 1284 2630 fuit.
1363 2577 1651 2629 Trucidati
1672 2577 1935 2637 veterani,

185 2663 448 2715 incensae
488 2664 752 2727 coloniae,
785 2665 1079 2731 intersepti
1121 2665 1396 2716 exercitus
1419 2682 1429 2726 ;
1476 2673 1593 2714 tum
1635 2664 1703 2715 de
1744 2663 1935 2723 salute,

184 2767 313 2801 mox
351 2751 419 2802 de
450 2751 682 2802 victoria
722 2759 1019 2803 certavere.
1104 2751 1264 2818 Quae
1306 2759 1508 2802 cuncta
1548 2750 1654 2801 etsi
1694 2749 1937 2801 consiliis

185 2837 466 2905 ductuque
494 2838 720 2888 alterius
761 2839 1072 2904 agebantur
1111 2855 1174 2889 ac
1216 2855 1432 2888 summa
1471 2854 1653 2887 rerum
1696 2845 1751 2887 et
1790 2853 1940 2886 recu-

186 2931 409 2988 peratae
437 2924 754 2989 provinciae
783 2924 958 2991 gloria
984 2925 1040 2974 in
1070 2925 1268 2975 ducem
1292 2924 1475 2984 cessit,
1502 2932 1675 2973 artem
1701 2931 1755 2973 et
1778 2940 1937 2972 usum

187 3016 243 3060 et
284 3010 537 3062 stimulos
579 3011 839 3061 addidere
884 3011 1091 3077 juveni,
1136 3010 1473 3077 intravitque
1520 3009 1763 3060 animum
1806 3008 1940 3058 mili-

186 3095 319 3147 taris
347 3096 555 3162 gloriae
584 3097 799 3162 cupidO,
832 3096 1050 3162 ingrata
1083 3096 1442 3163 temporibuS,
1476 3095 1674 3162 quibus
1716 3094 1939 3147 sinistra

187 3197 320 3248 erga
358 3182 670 3233 eminentes
713 3182 1098 3248 interpretatio
1149 3198 1254 3233 nec
1302 3181 1485 3231 minus
1526 3180 1830 3246 periculum
1872 3197 1939 3232 ex

186 3284 389 3334 magna
413 3265 560 3318 fama
588 3285 750 3334 quam
781 3285 848 3319 ex
875 3268 1029 3320 mala.

1997 1037 2034 1057 10

1997 1473 2034 1504 15

1998 1906 2038 1928 20

2004 2338 2042 2368 25

1998 2771 2038 2800 30

1997 3203 2035 3233 35
