2179 3423
163 1045 203 1066 10

162 1474 200 1503 15

160 1904 200 1924 20

161 2334 199 2363 25

162 2768 201 2799 30

162 3196 202 3226 35

270 89 330 137 18
807 84 915 134 The
953 83 1082 150 Life
1120 85 1187 150 of
1211 83 1479 150 Agricola.

261 248 351 292 tus
393 247 448 292 et
489 256 631 301 saxa,
673 246 728 289 et
769 235 1086 288 infestiores
1131 237 1386 296 Romani,
1423 254 1655 304 quorum
1698 239 2011 305 superbiam

259 325 465 378 frustra
509 344 607 392 per
653 325 979 391 obsequium
1027 332 1082 374 et
1130 324 1459 374 modestiam
1507 321 1787 390 effugeris,
1869 327 2013 391 Rap-

231 424 234 426 ’
261 422 410 464 tores
440 413 602 472 orbis,
629 420 921 477 postquam
952 418 1154 460 cuncta
1180 410 1529 460 vastantibus
1559 408 1784 461 defuere
1814 419 2008 472 terrae,

259 499 370 566 jam
412 507 467 550 et
508 514 657 548 mare
695 505 1040 548 scrutantur:
1083 496 1127 546 si
1156 496 1403 561 locuples
1433 497 1610 547 hostis
1641 505 1740 557 est,
1772 498 1934 558 avari,
1967 497 2012 547 si

261 603 482 652 pauper,
515 584 826 643 ambitiosi3
871 599 1007 648 quos
1050 599 1161 632 non
1206 582 1425 641 OrienS,
1464 600 1575 632 non
1617 583 1896 634 Occidens
1936 600 2014 633 sa-

260 672 492 723 tiaverit.
577 670 692 721 Soli
733 669 979 719 omnium
1010 685 1143 734 opes
1172 676 1337 734 atque
1367 668 1607 734 inopiam
1649 670 1765 735 pari
1805 667 2012 720 affectu

261 759 677 824 concupiscunt.
759 753 1019 818 Auferre,
1063 755 1353 815 trucidare,
1397 773 1604 821 rapere,
1647 754 1800 807 falsis
1842 756 2013 806 nomi-

260 846 422 896 nibus
461 844 765 910 imperium,
804 851 984 909 atque,
1022 842 1115 892 ubi
1157 841 1511 892 solitudinem
1549 840 1775 903 faciunt,
1818 859 2010 908 pacem

259 932 553 998 appellant.
601 968 613 983 ι
654 945 809 981 XXXI.
872 929 1104 979 Liberos
1148 928 1346 994 cuique
1389 945 1451 979 ac
1496 929 1836 995 propinquos
1881 945 2009 978 suos

261 1028 456 1069 natura
483 1017 797 1068 carissimos
827 1033 950 1066 esse
972 1014 1174 1075 voluit3
1209 1014 1264 1064 hi
1289 1031 1386 1080 per
1408 1015 1659 1065 delectus
1689 1015 1817 1064 alibi
1847 1014 2012 1065 servi-

260 1106 367 1156 turi
403 1103 756 1155 auferuntur:
798 1102 1068 1168 conjuges
1098 1118 1441 1167 sororesque,
1476 1102 1642 1151 etiam
1675 1101 1719 1151 si
1748 1102 2009 1152 hostilem

258 1192 543 1242 libidinem
585 1187 871 1255 effugiant,
917 1188 1142 1238 nomine
1183 1187 1483 1238 amicorum
1522 1196 1686 1253 atque
1727 1188 2009 1253 hospitum

259 1279 592 1345 polluuntur.
677 1276 832 1326 Bona
869 1273 1237 1341 fortunaeque
1278 1274 1334 1323 in
1364 1274 1647 1333 tributum,
1680 1291 1812 1340 ager
1844 1283 2010 1340 atque

259 1382 436 1416 annus
477 1364 531 1414 in
572 1361 931 1423 frumentum,
976 1378 1206 1427 corpora
1245 1360 1364 1426 ipsa
1403 1377 1465 1411 ac
1506 1377 1703 1410 manus
1751 1360 1902 1411 silvis
1946 1377 2009 1411 ac

259 1452 549 1518 paludibus
591 1449 940 1501 emuniendis
970 1449 1116 1499 inter
1141 1449 1371 1499 verbera
1398 1465 1460 1498 ac
1490 1448 1855 1498 contumelias
1885 1464 2011 1498 con—

259 1547 526 1590 teruntur.
599 1537 746 1587 Nata
775 1536 1028 1587 servituti
1057 1535 1332 1601 mancipia
1360 1535 1531 1585 semel
1554 1543 1816 1594 veneunt,
1843 1543 2009 1601 atque

259 1626 401 1675 ultro
430 1642 461 1675 a
488 1623 725 1675 dominis
755 1623 1009 1684 aluntur;
1053 1622 1340 1672 Britannia
1370 1622 1693 1672 servitutem
1721 1638 1875 1671 suam
1900 1628 2010 1671 cot-

232 1712 391 1784 ·tidie
429 1711 577 1772 emit,
622 1709 851 1761 cottidie
892 1709 1082 1774 pascit.
1164 1707 1252 1759 Ac
1295 1708 1437 1759 sicut
1482 1708 1537 1758 in
1580 1706 1787 1759 familia
1824 1725 2011 1759 recen·

258 1798 504 1849 tissimus
534 1797 765 1864 quisque
796 1812 1080 1846 servorum
1115 1795 1279 1845 etiam
1316 1796 1599 1846 conservis
1633 1795 1866 1845 ludibrio
1905 1802 2005 1856 est,

260 1880 336 1930 sic
360 1880 413 1928 in
439 1880 543 1930 hoc
566 1878 714 1928 orbis
737 1885 1005 1928 terrarum
1025 1884 1214 1927 vetere
1233 1874 1502 1927 famulatu
1522 1876 1649 1926 novi
1673 1893 1774 1926 nos
1798 1884 1853 1926 et
1872 1876 2008 1926 viles

259 1967 312 2016 in
338 1966 608 2016 excidium
634 1964 885 2029 petimur.
952 1963 1149 2029 Neque
1170 1963 1317 2013 enim
1341 1980 1470 2013 arva
1492 1963 1651 2013 nobis
1674 1971 1767 2013 aut
1788 1962 2010 2013 metalla

258 2061 350 2103 aut
379 2061 570 2118 portus
601 2059 744 2109 sunt,
777 2050 974 2116 quibus
1012 2050 1336 2100 exercendis
1374 2066 1732 2100 reservemur.
1813 2049 2007 2099 Virtus

258 2156 419 2205 porro
457 2156 518 2189 ac
558 2135 765 2188 ferocia
805 2135 1183 2202 subjectorum
1225 2136 1443 2202 ingrata
1483 2136 1910 2201 imperantibus;
1952 2143 2008 2186 et

258 2225 634 2291 longinquitas
658 2240 719 2274 ac
744 2231 1019 2273 secretum
1044 2222 1223 2288 ipsum
1244 2239 1350 2288 quo
1375 2222 1562 2282 tutius,
1586 2239 1650 2272 eo
1675 2222 2003 2287 suspectius

262 2312 346 2362 Ita
375 2312 590 2361 sublata
618 2327 715 2375 spe
743 2309 938 2360 veniae
968 2309 1193 2359 tandem
1224 2308 1425 2359 sumite
1465 2308 1724 2368 animum,
1757 2316 1867 2358 tam
1897 2308 2008 2375 qui-

259 2400 361 2449 bus
409 2398 571 2456 saluS,
618 2413 781 2463 quam
825 2396 1023 2462 quibus
1063 2395 1238 2461 gloria
1280 2395 1563 2445 carissima
1602 2403 1702 2446 est.
1783 2395 2009 2461 Brigan-

258 2493 358 2546 teS‚
400 2482 608 2535 femina
647 2483 802 2541 duce,
846 2498 1075 2532 exurere
1117 2481 1404 2540 coloniam,
1449 2498 1766 2547 expugnare
1810 2490 2003 2543 castra,

259 2589 336 2630 εις,
379 2571 486 2621 nisi
524 2568 761 2620 felicitas
802 2569 858 2618 in
901 2568 1206 2619 socordiam
1248 2568 1524 2627 vertisset,
1568 2585 1768 2618 exuere
1813 2568 2006 2634 jugum

259 2667 518 2724 potuere;
561 2673 662 2706 nos
704 2654 906 2720 integri
953 2662 1008 2704 et
1055 2654 1310 2704 indomiti
1350 2661 1406 2704 et
1445 2654 1757 2704 libertatem
1799 2671 1910 2703 non
1951 2653 2007 2703 in
2058 2714 2060 2718 y

259 2743 658 2810 paenitentiam
706 2741 883 2801 laturi,
934 2740 1109 2806 primo
1158 2741 1345 2790 statim
1400 2756 1704 2805 congressu
1756 2740 2009 2790 ostenda-

260 2847 381 2880 mus
419 2846 554 2896 quos
594 2828 697 2879 sibi
737 2827 1043 2878 Caledonia
1079 2827 1226 2876 viros
1266 2827 1592 2891 seposuerit.
1672 2841 1856 2875 XXXII.
1910 2825 2006 2876 An

260 2917 493 2967 eandem
555 2914 823 2965 Romanis
882 2914 937 2962 in
998 2913 1142 2964 bello
1201 2913 1478 2971 virtutem,
1534 2929 1697 2978 quam
1758 2912 1813 2962 in
1872 2929 2007 2978 pace

258 3003 538 3053 lasciviam
586 3002 782 3051 adesse
830 2999 1086 3050 creditis?
1167 2999 1389 3048 Nostris
1442 2999 1518 3048 illi
1565 2998 2006 3049 dissensionibus

259 3106 322 3139 ac
369 3088 657 3139 discordiis
700 3086 843 3146 clari,
884 3085 1017 3136 vitia
1062 3085 1306 3136 hostium
1354 3084 1409 3134 in
1452 3084 1681 3150 gloriam
1730 3084 2005 3135 exercitus

262 3175 346 3225 sui
391 3182 647 3235 vertunt;
707 3189 868 3239 quem
923 3179 1271 3222 contractum
1324 3187 1391 3221 ex
1443 3170 1831 3221 diversissimis
1878 3186 2007 3238 gen-
